1935 3458
527 131 1254 186 DED1cAT1o.
1643 136 1709 189 19

87 231 366 313 prudentia:
391 248 582 309 magno
598 227 794 302 impetu
819 211 919 276 sese
946 221 1303 285 contulerunt,
1322 222 1376 274 δε
1400 237 1557 298 quum
1571 220 1717 276 poli-

92 317 206 370 ticae
235 311 569 392 philosophiae
595 327 706 384 pars
741 304 796 358 fit
822 346 838 372 ‚
876 300 1062 356 nobilis
1093 302 1178 356 illa
1191 301 1412 378 quidem
1445 345 1462 369 ‚
1504 300 1589 356 sed
1615 321 1714 357 una

90 416 263 452 tamen
290 395 421 449 inter
446 394 640 470 plure5‚
664 384 1118 462 scientiaLegum3
1153 397 1350 436 tantum
1378 383 1545 436 lucelli
1571 402 1717 438 amor

93 480 250 537 valuit
275 516 291 542 ,
329 481 379 531 &
407 474 509 528 auri
537 468 671 526 sacra
697 468 854 524 fames
884 510 900 535 ,
944 483 998 520 ut
1026 464 1293 543 postquam
1319 463 1372 518 in
1396 461 1580 518 scholis
1607 464 1723 520 haec'

92 580 304 640 regnare
330 556 464 633 cepit
491 592 506 617 ,
552 552 695 607 illico
719 556 772 606 &
804 549 1023 606 politica
1049 547 1155 619 ejus
1195 562 1358 601 mater
1381 582 1398 609 ‚
1438 550 1492 602 δε
1519 563 1715 601 caeterae

94 643 397 718 disciplinae,
426 633 646 710 ejusdem
673 633 870 688 sorores
889 669 905 693 ,
934 649 1055 707 quas
1083 630 1409 685 interomnes
1426 646 1523 681 una
1548 630 1721 683 excel-

92 727 150 782 lit
177 719 440 787 Historia‚
471 734 552 772 aut
569 717 767 772 exulare
793 713 911 769 inde
934 729 1242 790 cogerentur
1267 736 1279 770 :
1322 725 1404 764 aut
1435 707 1576 787 quod
1601 710 1722 764 lon-

93 825 158 886 ge
194 802 418 860 miserius
452 843 468 867 ‚
501 798 615 856 solis
647 797 812 876 pueris
840 800 893 851 &
923 792 1157 871 sophistis
1186 832 1203 856 ‚
1241 813 1348 848 non
1377 790 1440 846 ad
1464 788 1605 846 usum
1631 792 1722 847 ali-

90 907 246 967 quem
261 928 278 955 ,
300 883 383 940 sed
399 885 460 939 ad
477 881 850 960 disputandum,
870 875 1107 932 vexandae
1123 877 1546 953 relinquerentur.
1597 877 1723 931 Hoc

89 968 244 1048 paeto
271 966 561 1022 communis
588 965 868 1018 multorum
890 958 1185 1015 saecuiorum
1213 955 1344 1013 facta
1367 955 1439 1011 est
1465 957 1687 1033 querella
1705 1003 1722 1022 ‚

90 1071 244 1130 quam
271 1049 334 1105 de
361 1046 450 1104 suo
475 1046 840 1104 Innocentium
876 1063 937 1102 iv
979 1038 1147 1097 ferunt
1174 1034 1395 1095 habuisse
1417 1059 1433 1104 3
1463 1057 1619 1116 quum
1643 1037 1725 1094 di·-

92 1150 229 1188 ceret
256 1176 272 1203 ‚
310 1132 543 1188 liberales
569 1148 698 1183 artes
727 1129 830 1201 jam
857 1127 911 1181 in
941 1123 1261 1180 mechanicas
1291 1138 1502 1199 propter
1524 1121 1725 1177 lucrum

92 1213 232 1271 fuisse
256 1213 537 1272 conversas„
577 1219 627 1269 &
655 1209 825 1282 ajunt,
859 1207 1192 1263 vehementer
1218 1205 1291 1262 illi
1309 1201 1549 1267 doluisse,
1580 1200 1726 1282 quod

94 1299 195 1372 jam
225 1293 329 1353 fere
343 1317 524 1351 omnes
540 1291 767 1355 studiosi,
796 1291 1000 1347 intaCtis
1020 1286 1370 1370 grammaticis
1398 1284 1729 1349 rudimentis,

94 1380 381 1436 auctoribus
398 1386 448 1435 ὃς
467 1375 783 1456 philosophis
802 1419 818 1445 ,
848 1375 908 1430 ad
927 1376 1066 1451 leges
1083 1386 1416 1449 properarent
1429 1366 1726 1423 audiendas:

95 1463 233 1542 quod
261 1461 474 1518 studium
503 1503 520 1528 ‚
577 1480 732 1538 quum
778 1476 955 1513 natura
987 1455 1068 1510 sua
1105 1452 1163 1509 sit
1194 1451 1454 1532 augustum
1477 1496 1492 1516 ‚
1544 1464 1728 1528 quate-

99 1566 193 1600 nus
238 1563 412 1600 tamen
465 1543 527 1598 ad
567 1563 631 1597 ass
666 1541 774 1597 exit
812 1583 828 1609 ‚
873 1540 1007 1595 inter
1038 1536 1268 1593 liberales
1309 1530 1600 1611 disciplinas
1640 1532 1728 1590 vix

100 1623 289 1682 censeri
306 1626 518 1691 debere,
553 1623 755 1679 fuerunt
770 1623 856 1701 qui
881 1620 1273 1677 contenderent.
1322 1622 1502 1700 Qum
1519 1634 1647 1694 ergo
1661 1634 1729 1670 ex

99 1707 382 1782 hujusmodi
411 1706 588 1764 caussis
618 1708 670 1762 in
705 1708 929 1762 Oriente
965 1703 1171 1782 quidem
1198 1701 1384 1779 optimi
1416 1699 1608 1776 quique
1641 1716 1732 1752 au-

99 1792 268 1847 &tores
293 1790 358 1846 de
388 1787 620 1845 manibus
660 1788 798 1867 vulgi
824 1785 1035 1841 tandem
1071 1781 1230 1840 effent
1269 1779 1456 1839 excussi
1486 1817 1501 1842 ‚
1550 1777 1732 1836 totius:-

99 1893 198 1954 que
233 1873 363 1929 adeo
399 1870 729 1927 humanitatis
772 1868 930 1924 studia
959 1861 1302 1932 refrixiffent3
1343 1864 1395 1918 in
1432 1862 1732 1920 Occidente

98 1975 222 2013 vero
249 1958 280 2016 ὲ,
310 1955 481 2011 multis
522 1954 625 2028 jam
669 1952 813 2008 annis
843 1949 1117 2006 meliorum
1147 1948 1407 2006 literarum
1451 1948 1502 2000 &
1534 1944 1733 2024 lingua-

101 2058 212 2094 rum
242 2087 258 2111 ‚
282 2038 505 2095 maxime
531 2052 700 2092 autem
730 2037 930 2092 Graecae
958 2039 1010 2090 Sc
1047 2029 1318 2087 Hebraicae
1342 2073 1358 2094 ,
1391 2046 1585 2084 nomen
1612 2046 1735 2104 pro-

99 2141 164 2200 pe
192 2119 353 2200 ipsum
379 2119 499 2176 efl'et
526 2119 834 2174 exstinotum
870 2140 885 2184 3
929 2113 1095 2170 secuta
1139 2134 1262 2168 mox
1305 2110 1378 2168 est
1411 2109 1555 2184 hujus
1599 2110 1733 2164 cala-

101 2203 294 2259 mitatis
322 2203 697 2260 consummatio
738 2208 788 2260 δε
818 2200 1015 2277 integra
1042 2196 1284 2274 pernities
1311 2195 1364 2250 in
1389 2188 1615 2271 partibus
1647 2195 1737 2249 O-

105 2286 279 2342 rientis
302 2312 319 2362 3
354 2284 559 2366 quando
586 2282 647 2339 ab
673 2282 983 2340 immanibus
1016 2285 1068 2334 ἃ
1097 2278 1336 2336 Barbaris
1364 2275 1553 2334 Turcis
1584 2291 1736 2353 capta

104 2366 179 2424 est
204 2367 686 2448 Constantinopolis
715 2411 730 2436 ‚
761 2374 812 2424 ἃς
842 2383 1011 2422 totum
1037 2362 1160 2417 illud
1192 2360 1464 2441 imperium
1498 2358 1529 2417 a
1555 2354 1741 2413 funda-

106 2450 295 2506 mentis
317 2452 519 2532 penitus
549 2450 618 2506 est
635 2447 872 2506 excisum.
917 2466 1028 2503 tum
1045 2443 1171 2501 vero
1202 2440 1401 2524 graffari
1419 2439 1576 2496 hostis
1602 2436 1738 2496 ferus

109 2532 163 2588 in
189 2534 418 2589 omnium
445 2534 788 2590 doctrinarum
816 2531 1119 2609 scriptores3
1143 2533 1196 2586 &
1223 2523 1526 2584 excellentia
1551 2542 1742 2579 monu-

109 2631 290 2671 menta
327 2616 583 2672 literarum
627 2613 842 2691 cujusvis
873 2612 1072 2695 generis
1103 2654 1121 2682 ,
1161 2628 1312 2689 atque
1334 2606 1630 2665 eruditionis
1660 2604 1744 2662 in·-

108 2695 419 2761 strumenta‚
449 2701 698 2763 lacerare,
729 2696 1049 2777 discerpere,
1080 2693 1300 2752 flammis
1317 2690 1570 2748 addicere.
1614 2693 1743 2768 Q)

109 2779 322 2858 quidem
350 2796 583 2858 tempore
616 2781 800 2839 divinae
826 2777 1163 2860 providentiae
1185 2778 1238 2834 in
1265 2773 1490 2853 reliquiis
1517 2769 1745 2849 discipli-

111 2881 293 2917 narum
319 2862 674 2921 conservandis
701 2909 720 2933 ‚
773 2881 970 2921 certum
1001 2865 1055 2917 &
1094 2856 1418 2917 manifestum
1447 2898 1465 2925 ‚
1504 2871 1560 2910 ut
1584 2851 1622 2908 si
1650 2872 1748 2908 un·-

110 2964 265 3025 quam
299 2945 421 3004 alias
448 2946 501 3002 in
530 2965 584 3003 re
611 2948 709 3006 ulla
740 2991 757 3021 ,
785 2959 1148 3028 argumentum
1176 2942 1251 3002 est
1281 2942 1497 3000 editum.
1564 2941 1746 3016 Qum

977 3027 1012 3082 b
1063 3046 1092 3082 2.
1607 3016 1747 3074 enim
