1935 3458
199 104 243 157 ό(-
633 83 1368 142 DEDICATIO.

197 176 382 235 servat.
426 175 701 235 Prudentia
725 179 948 260 denique
962 178 1140 235 oculus
1156 175 1228 234 est
1243 175 1433 235 mentis
1453 211 1470 239 ‚
1496 173 1664 232 anima
1682 176 1825 235 Poli-

201 260 338 322 ticae‚
356 260 544 340 reginae
557 261 688 318 illius
703 263 939 318 omnium
954 262 1286 317 humanarum
1306 256 1694 337 disciplinarum.
1736 257 1824 315 Ad

199 341 382 397 harum
407 343 562 423 igitur
576 342 830 424 utriusque
853 345 1185 422 adeptionem
1201 381 1217 406 ‚
1252 340 1533 399 Historiam
1549 339 1619 396 sui
1634 339 1824 396 studio·

200 420 282 479 sos
301 423 484 481 mirum
499 443 746 505 quantum
765 427 1028 499 adjuvare,
1061 425 1420 482 excellentium
1447 422 1642 497 judicio
1659 429 1710 480 δέ
1737 443 1824 479 re-

197 510 312 562 rum
343 504 429 563 usu
456 508 681 565 virorum
702 509 939 564 constans
961 507 1161 586 semper
1175 505 1268 565 fuit
1293 504 1558 563 sententia.
1612 505 1748 561 Rara
1763 526 1824 559 o-

199 588 384 645 mnino
400 597 452 649 &
472 593 620 668 plane
638 588 913 673 magnifica
929 592 1031 647 laus
1049 591 1156 648 haec
1175 590 1276 648 est:
1313 609 1428 646 vera
1440 605 1614 643 tamen
1632 630 1650 656 ‚
1684 589 1740 643 D
1759 610 1823 644 o-

201 691 246 728 Μ
265 691 285 726 1
308 694 345 729 N
367 694 396 729 E
411 720 426 740 ,
452 693 507 728 ac
527 673 698 729 debita
713 714 730 739 ,
757 679 808 730 δέ.
830 695 938 753 quae
964 674 1087 732 nibil
1107 673 1376 751 quicquain
1401 668 1567 725 trahat
1583 690 1650 730 ex
1669 691 1822 728 vano-

197 759 419 834 Nempe
435 755 663 812 Historia
678 758 940 813 civitatum
958 776 1335 836 regnorumque
1351 769 1512 815 ortus,
1531 752 1826 808 incremen-

198 854 283 900 ta,
308 836 666 894 conversiones
684 882 699 906 ,
728 858 880 918 atque
899 839 1130 894 interitus
1160 851 1570 904 commemorat3
1599 836 1824 913 populo-

197 940 313 976 rum
327 919 503 988 statim,
520 922 639 977 alibi
658 942 780 1000 pace
800 921 1192 984 florentes,alibi
1211 922 1348 976 bello
1366 915 1599 974 afflictos:
1619 919 1678 974 ad
1695 918 1823 983 hate,

198 1004 380 1082 Reges
397 1008 449 1059 &
466 1003 727 1083 Principes
744 1043 759 1068 ,
787 1003 948 1060 modo
967 1023 1183 1080 purpura
1201 1002 1502 1069 nitentes‚iu
1519 998 1652 1056 sellis
1669 1001 1830 1056 aureis

198 1081 443 1141 sublimes
461 1128 478 1154 ,
512 1086 783 1161 majestatis
800 1084 892 1142 suae
912 1084 1111 1164 fulgore
1126 1086 1303 1140 oculos
1323 1082 1490 1162 palam
1507 1082 1823 1145 mirantium,

201 1168 334 1223 clam
365 1167 703 1225 invidentium
719 1168 1135 1248 praestinguentes
1154 1214 1168 1235 ,
1203 1169 1421 1245 denique
1450 1163 1634 1245 superis
1654 1164 1829 1243 proxi-

200 1270 342 1311 mos:
365 1249 528 1306 modo
548 1252 696 1330 pullis
715 1249 894 1308 misere
911 1251 1150 1313 amietos,
1169 1248 1303 1306 soliis
1321 1250 1635 1314 deturbatos,
1655 1245 1827 1327 digni-

197 1347 307 1388 tate
331 1333 479 1389 omni
511 1334 727 1390 nudatos
757 1379 774 1404 ‚
806 1354 970 1390 rerum
997 1334 1151 1388 etiam
1183 1327 1564 1388 necessariarum
1588 1350 1805 1411 egerim,

200 1412 467 1493 postremo
486 1416 641 1473 cuivis
657 1418 811 1474 etiam
829 1417 1143 1494 privatorum
1162 1413 1489 1471 miserandos·
1506 1413 1594 1471 Est
1612 1412 1698 1492 qui
1714 1432 1831 1467 nar-

201 1513 279 1553 ret
296 1540 315 1566 ‚
335 1498 454 1554 alibi
471 1516 616 1555 motu
633 1519 778 1556 terrae
794 1497 962 1556 hausta
976 1498 1189 1576 oppida,
1205 1497 1322 1552 alibi
1338 1514 1576 1573 aquarum
1593 1494 1826 1572 repenti-

201 1599 268 1635 na
281 1580 613 1637 inundatione
627 1583 814 1639 obruta
830 1625 845 1650 ‚
873 1598 956 1636 aut
974 1586 1152 1636 tellure
1168 1575 1459 1635 dehiscente
1474 1575 1729 1655 absorpta3
1750 1574 1828 1631 se·-

201 1657 327 1718 disse
359 1661 638 1720 immensos
654 1682 858 1720 montes
878 1707 893 1730 ‚
918 1662 1022 1720 visa
1038 1663 1089 1718 in
1118 1662 1272 1717 arduo
1288 1679 1399 1739 quae
1427 1661 1574 1738 plana
1602 1657 1821 1714 fuerant.

201 1741 296 1802 Est
322 1746 409 1823 qui
435 1742 651 1818 referat,
678 1745 915 1825 superbas
942 1746 1112 1823 paullo
1141 1746 1260 1800 ante.
1289 1743 1570 1798 incolarum
1589 1737 1831 1819 frequen-

200 1826 273 1881 tia
289 1827 574 1904 provincias
587 1872 603 1897 ‚
622 1830 809 1886 nedum
826 1828 997 1895 urbm,
1011 1828 1153 1883 unius
1171 1826 1397 1881 autumni
1411 1824 1715 1901 intemperie
1730 1866 1747 1892 ,
1773 1831 1828 1881 &

200 1927 479 1986 paucorum
497 1911 692 1967 dierum
707 1932 770 1967 an
801 1907 1049 1967 mensium
1070 1908 1402 1964 morbositate
1432 1904 1573 1963 fuiffe
1597 1904 1830 1962 vacuefa—

202 1990 330 2047 ἃειε.
348 1991 466 2046 alibi
484 1990 643 2050 subita
656 1991 929 2056 invafione,
951 1992 1068 2046 alibi
1083 1991 1274 2047 diutina
1290 1971 1575 2054 obsidione,
1595 1989 1828 2044 civitates

200 2091 438 2153 pereunt.
459 2074 571 2130 heic
585 2075 813 2139 flamma,
830 2075 899 2131 ibi
917 2071 1069 2137 ferro,
1085 2070 1572 2138 homines‚fami¹2iae,
1594 2072 1828 2125 nationes

200 2156 438 2212 delentur
450 2175 605 2235 atque
621 2158 1016 2238 exstinguuntur.
1033 2156 1326 2235 Septentrio
1339 2155 1390 2211 in
1409 2153 1830 2222 Meridiem,0c-

201 2238 379 2293 cidens
406 2239 459 2295 in
481 2238 1071 2298 Orienteminfunditur.
1119 2235 1466 2299 Damascenus
1484 2255 1693 2292 amnem
1716 2241 1831 2292 13ae-

197 2320 592 2383 tim‚Lus1tanus
609 2322 854 2402 Gangem
873 2322 1016 2377 bibit.
1064 2321 1319 2400 Hispanus
1338 2322 1554 2376 alterum
1575 2316 1758 2374 orbem
1777 2338 1833 2372 a·-

198 2402 355 2480 perit.
377 2402 451 2458 est
467 2404 550 2459 ubi
571 2427 703 2462 nova
718 2406 923 2486 surgunt
938 2405 1182 2483 imperia3
1212 2401 1282 2458 est
1301 2403 1384 2458 ubi
1403 2402 1606 2478 antiqua
1629 2442 1645 2468 ,
1678 2401 1831 2457 autin

198 2482 304 2541 sese
321 2487 457 2542 mole
475 2484 554 2543 sua
569 2506 807 2544 corruunt
825 2532 837 2550 ‚
861 2504 943 2543 aut
959 2489 1120 2542 aliena
1144 2486 1192 2541 vi
1206 2485 1500 2540 concidunt.
1533 2483 1663 2553 dies,
1680 2483 1823 2546 hora,

198 2585 557 2638 momentum,
584 2571 868 2627 evertendis
887 2567 1316 2626 dominationibus
1334 2563 1362 2619 s
1357 2567 1516 2624 officit
1533 2610 1547 2634 ‚
1584 2586 1696 2643 quae
1712 2564 1833 2620 ada-

200 2650 446 2706 mantinis
474 2654 813 2709 credebantur
840 2652 1090 2707 radicibus
1106 2652 1203 2708 effe
1232 2646 1469 2704 fundatae.
1501 2649 1624 2728 quid
1641 2649 1829 2705 multa?

200 2728 552 2804 hujuscemodi
573 2738 807 2792 Fortunae
828 2735 1088 2790 varietates
1116 2732 1285 2788 omnis
1317 2734 1549 2787 oninium
1566 2730 1829 2811 gentium,

201 2814 305 2891 qua
321 2831 481 2885 vetuS,
497 2819 599 2894 qua
619 2838 793 2873 recens
809 2818 1033 2896 loquitur
1054 2815 1290 2889 Ηίθεοι-’145
1319 2811 1550 2870 humanae
1565 2813 1833 2868 conditio·-

198 2895 301 2961 εἰς,
325 2896 424 2955 hoc
440 2897 511 2954 est
530 2946 547 2973 >
565 2898 848 2981 fragilitatis
869 2904 979 2980 plus
996 2897 1149 2980 quam
1165 2899 1338 2961 vitreae
1352 2943 1367 2966 ,
1388 2898 1526 2956 testis
1543 2893 1705 2958 fidelis
1724 2918 1740 2962 3
1772 2898 1832 2948 &

1709 2992 1826 3037 Vltae
