1935 3458
585 61 1319 123 Dssnch-ritix
1684 67 1755 140 33

118 163 537 247 peregrinatione
564 166 638 221 ob
662 165 712 222 id
738 160 900 242 ipsum
928 158 1155 241 suscepta
1180 200 1198 227 ‚
1230 162 1401 219 Aliam
1430 200 1449 228 ‚
1484 157 1751 235 Africam,

120 252 383 326 Europam
407 247 636 304 lustravit
659 269 673 301 ι
718 245 1039 301 Atlanticum
1066 263 1273 324 quoque
1300 247 1576 301 Oceanum
1607 246 1754 304 navi„

116 331 280 411 gavit.
341 346 394 386 ut
422 330 487 385 de
511 324 822 386 Hannibalis
849 324 1032 382 itinere
1073 327 1166 382 fibi
1191 343 1456 404 comperta
1493 345 1752 396 narraret,

117 415 343 472 Galliam
372 417 425 466 &
450 411 613 484 Alpes
647 407 790 468 visit:
822 421 875 462 ut
891 408 953 465 de
979 408 1233 487 Scipionis
1255 409 1403 464 rebus
1432 408 1486 463 in
1508 408 1750 486 Hispania

115 494 269 576 gestis
296 495 447 572 digna
460 487 562 545 fide
581 490 822 568 proderet
838 533 854 560 ,
893 489 1273 568 Carthaginem
1292 510 1479 547 novam
1496 488 1617 546 adiit
1631 527 1645 554 ,
1669 493 1752 547 lo-

116 597 178 633 ca
205 575 394 653 lingula
424 591 540 627 cum
567 592 684 627 cura
711 570 952 651 inspexit.
1018 572 1279 650 Hispaniae
1309 575 1553 651 pleraque
1585 573 1749 629 oculis

116 657 378 736 usurpavit.
409 655 531 732 quin
551 655 845 735 &linguam
864 658 1158 713 Romanam
1179 655 1425 733 Polybius
1444 653 1650 723 didicit3
1669 671 1754 711 at-

115 758 212 818 que
241 735 582 816 antiquissima
610 753 977 806 monumenta,
1003 758 1114 815 quae
1144 738 1226 793 vix
1255 737 1402 815 pauci
1431 741 1458 793 ἐ
1488 736 1748 793 Romanis

111 820 307 877 civibus
337 818 727 899 intelligebant,
759 819 787 877 ὲ
808 819 1108 896 Capitolina
1124 819 1229 876 aede
1245 836 1296 874 ut
1312 837 1551 900 promere
1577 816 1668 875 sibi
1684 819 1750 876 li·-

109 918 247 959 ceret
274 902 548 980 impetrato
562 943 580 970 ,
601 902 653 957 in
669 898 957 956 sermonem
977 903 1223 960 Graecum
1246 900 1530 970 transtulit3
1553 920 1608 956 ac
1629 903 1749 958 Ro-

107 1004 288 1040 manos
316 981 451 1061 ipsos
482 1003 719 1060 proceres
747 982 838 1039 suae
871 982 1091 1040 civitatis
1120 984 1224 1058 jura
1251 982 1427 1041 docuit
1453 1026 1469 1048 ,
1508 1003 1622 1061 quae
1650 980 1747 1061 ipsi

101 1064 405 1145 ignorabant
429 1089 445 1134 3
476 1070 528 1121 &
562 1065 742 1122 Fabius
763 1085 970 1144 quoque
988 1066 1165 1123 Pistor
1186 1065 1438 1124 Senatorii
1455 1065 1530 1121 vir
1547 1065 1743 1124 ordinis

104 1146 547 1227 ignoraverat‚qui
564 1149 626 1204 de
640 1148 847 1208 Punicis
866 1148 1011 1206 bellis
1027 1145 1306 1227 scripserat.
1347 1148 1437 1207 Ad
1454 1145 1560 1204 haec
1575 1149 1745 1226 Poly-

102 1227 244 1300 bius,
272 1250 338 1286 ne
357 1230 505 1286 nimis
530 1230 738 1309 antiqua
770 1234 824 1287 δε
848 1250 1026 1310 parum
1054 1232 1349 1310 explorata,
1382 1247 1537 1311 atque
1553 1247 1607 1287 ut
1632 1229 1743 1312 ipse

101 1312 169 1368 ait
199 1315 345 1377 ἀκοὴν
373 1320 422 1391 ἐξ
450 1314 589 1375 ἀκοῆς
615 1312 833 1370 scribere
859 1312 1403 1392 cogeretur,historiae
1418 1334 1572 1392 quam
1590 1311 1743 1371 susci-

102 1393 278 1474 piebat
299 1397 548 1451 terminos
564 1393 732 1473 posuit
745 1433 761 1459 ,
780 1393 913 1451 suam
929 1413 1014 1450 aut
1030 1413 1229 1474 patrum
1246 1397 1571 1453 memoriam.
1601 1398 1738 1454 mul-

101 1494 155 1532 ta
171 1496 296 1555 ergo
311 1479 516 1534 illorum
539 1499 648 1557 quae
676 1476 878 1543 scribit,
903 1479 1121 1559 praesens
1137 1476 1243 1557 ipse
1259 1478 1423 1553 vidit3
1452 1496 1591 1535 certe
1608 1477 1742 1537 nihil

97 1557 292 1636 scripsit
312 1602 328 1627 ‚
359 1560 421 1616 de
442 1581 546 1639 quo
578 1561 693 1617 illos
725 1581 832 1616 non
857 1555 1018 1638 posset
1043 1562 1338 1626 consulere,
1364 1561 1453 1641 qui
1469 1561 1621 1618 rebus
1642 1581 1745 1643 ge·-

95 1641 267 1696 tendis
282 1640 630 1698 interfuerant.
677 1642 832 1700 Adeo
846 1642 933 1721 qui
948 1644 1140 1698 nullam
1157 1639 1396 1722 perfeetae
1414 1642 1634 1700 historiae
1660 1646 1738 1700 le-

94 1740 217 1801 gem
243 1723 570 1805 negligebat,
596 1725 733 1780 illam
752 1725 987 1780 omnium
1015 1726 1294 1782 maximam
1312 1764 1326 1792 ‚
1343 1747 1455 1807 quae
1473 1745 1590 1783 vera
1603 1721 1737 1783 scri-

94 1804 217 1860 bere
240 1806 469 1885 praecipit
485 1843 501 1871 ‚
530 1826 586 1862 ea
601 1804 702 1862 fide
723 1803 991 1869 custodiit,
1017 1822 1072 1861 ut
1098 1807 1294 1885 liquido
1319 1806 1521 1864 constet
1548 1807 1699 1865 nobis
1715 1814 1745 1880 ,‘

92 1907 197 1943 non
213 1885 377 1945 solum
392 1889 647 1945 rationem
663 1888 826 1965 ipsum
841 1883 1060 1944 habuiffe
1079 1890 1327 1960 veritatis,
1342 1889 1425 1947 sed
1445 1891 1599 1946 etiam
1614 1907 1738 1951 toto

94 1965 281 2026 affectu
301 1971 444 2028 illam
472 1972 682 2039 amasse,
714 1975 768 2026 &
795 1971 1045 2051 religione
1070 1971 1288 2051 quadam
1321 1971 1547 2030 coluiffe.
1594 1974 1736 2034 Non

94 2049 169 2107 est
181 2051 489 2109 dubitationi
503 2054 706 2110 reliftus
721 2058 865 2111 locus
885 2081 897 2114 ι
917 2052 1023 2133 ipse
1037 2050 1174 2110 suam
1187 2072 1421 2112 mentem
1438 2054 1588 2111 nobis
1607 2074 1734 2134 ape-

91 2133 211 2204 ruit3
229 2133 384 2214 idque
401 2135 570 2195 verbis
586 2135 891 2217 graviffimis
906 2182 920 2203 ‚
938 2155 1048 2216 quae
1067 2137 1255 2194 merito
1276 2142 1482 2209 BrutuS‚
1499 2136 1601 2196 sive
1613 2139 1733 2218 quis

93 2216 216 2271 alius
232 2264 246 2285 ,
282 2217 436 2298 digna
455 2216 542 2275 suo
559 2220 759 2275 calamo
785 2218 1059 2297 judicavit:
1092 2241 1186 2277 nos
1202 2240 1411 2301 quoque
1424 2220 1580 2300 digna
1605 2239 1735 2278 cen-

90 2295 386 2378 semuS,quae
401 2300 517 2356 heic
529 2300 900 2358 describantur:
923 2300 1143 2380 Existimo
1155 2303 1734 2378 equidem‚ait‚Naturam

91 2380 288 2446 humano
289 2386 451 2457 generi
473 2387 525 2441 V
543 2406 574 2441 Ε
593 2404 629 2442 R
652 2405 674 2441 1
694 2405 730 2441 T
751 2406 788 2440 A
810 2406 845 2440 T
864 2408 899 2444 E
915 2401 959 2441 M
983 2383 1243 2463 constituiffe
1262 2405 1429 2442 numen
1441 2387 1726 2456 maximum,

92 2463 440 2538 maximamque
464 2466 530 2523 illi
555 2469 649 2526 vim
676 2467 944 2544 attribuisse.
1013 2478 1144 2524 Nam
1169 2487 1312 2542 quum
1343 2468 1403 2526 ab
1420 2467 1622 2526 omnibus
1647 2485 1729 2544 op-

85 2557 314 2620 pugnetur
339 2582 356 2610 ,
384 2562 521 2622 atque
549 2550 663 2607 adeo
685 2569 835 2606 omnes
864 2568 1191 2624 nonnunquam
1219 2551 1480 2630 vetzfimiles
1498 2550 1732 2628 conjeetu-

90 2645 150 2682 rat
177 2622 206 2681 ἃ
231 2628 465 2685 mendacio
482 2630 632 2708 stem3
665 2632 764 2710 ipset
784 2649 864 2708 per
881 2632 934 2709 se
960 2632 1103 2710 nescio
1132 2638 1348 2708 quomodo
1372 2636 1421 2691 in
1443 2636 1621 2690 animos
1644 2634 1730 2690 ho-

86 2710 270 2765 minum
287 2708 386 2787 sese
411 2711 604 2788 infinuat
620 2752 635 2778 ‚
667 2718 720 2775 ἐν
750 2712 881 2772 morib
907 2730 1088 2791 repente
1105 2716 1244 2792 suam
1268 2719 1398 2775 illam
1419 2717 1516 2774 vim
1536 2718 1724 2773 exerit.-

88 2787 220 2847 modb
232 2791 425 2848 tenebris
444 2793 618 2852 obtee'ta
635 2797 762 2874 longo
776 2812 977 2872 tempore
989 2843 1004 2865 ,
1021 2799 1087 2853 ad
1098 2814 1364 2857 extremum
1376 2800 1545 2878 suapte
1558 2801 1605 2856 vi
1626 2796 1726 2874 ipsa

84 2873 231 2937 uincit
238 2917 257 2949 ,
271 2873 548 2953 obtinetque,
563 2877 621 2940 (θ’
634 2879 690 2939 dc
703 2881 938 2940 mendacio
949 2883 1221 2960 triumphat.
1266 2885 1350 2943 En
1365 2882 1522 2942 animi
1535 2880 1729 2942 verita-

966 2982 1002 3025 O
1519 2997 1521 3000 ⁴
1655 2976 1730 3027 GR
