1935 3458
555 82 1285 142 Dabrona-10.
1663 85 1741 161 69

101 179 356 261 denique,
378 197 548 237 rerum
578 176 830 259 gestarum
859 172 1247 253 magnitudine,
1268 171 1405 232 famei
1422 173 1703 255 prudentiae
1719 224 1740 255 ,

101 263 355 344 aequitatis
372 270 425 323 &
442 259 776 321 fortitudinis,
793 257 1018 312 maxime
1035 272 1205 312 autem
1223 275 1312 333 per
1327 257 1456 314 hanc
1473 257 1631 337 ipsam
1645 281 1741 338 pa-

100 368 219 403 cem
236 383 252 410 ,
274 345 464 403 inillud
492 343 667 424 gloriae
693 336 950 417 fastigium
977 354 1120 394 tuam
1137 337 1466 414 Maiestatem
1491 340 1588 398 effe
1615 363 1738 400 eve-

100 431 258 491 ctam,
279 428 340 486 ad
354 426 492 506 quod
509 425 705 480 nullum
722 420 1021 499 Principem
1038 419 1067 477 a
1089 421 1261 476 multis
1281 437 1418 477 retro
1440 419 1625 480 saeculis
1643 445 1738 482 ne·
1817 460 1820 463 -

101 532 202 592 que
217 510 457 578 vidimus,
477 525 642 585 neque
655 502 933 560 audivimus
952 546 967 573 ‚
987 523 1045 558 ac
1062 523 1127 559 ne
1154 504 1373 583 legimus
1395 504 1603 583 quidem
1622 527 1736 584 per-

101 592 305 653 venisse,
346 593 491 649 Nam
508 589 596 667 qui
610 590 781 643 locum
797 585 1086 663 principem
1111 586 1246 642 inter
1267 584 1550 643 Christiani
1564 587 1742 643 nomi-

99 677 178 734 nis
196 678 368 754 Reges
382 672 480 728 un&
498 691 615 727 cum
634 667 943 727 successione
959 669 1105 743 hujus
1118 666 1304 748 regnia
1321 669 1383 727 M
1387 669 1608 745 ajoribus
1635 669 1737 728 tuis

97 754 364 835 accepiffes
381 777 397 823 ς
414 755 601 810 virtute
615 751 829 809 effecisti
846 768 1010 819 tua,ut
1025 751 1154 808 hanc
1172 750 1383 808 honoris
1399 752 1528 808 tanti
1544 772 1738 830 praero-

94 841 320 923 garivam
338 875 353 902 ‚
371 857 476 893 non
495 835 660 915 magis
674 831 906 915 sanguini
919 851 1008 891 tuo
1024 872 1039 900 ‚
1055 835 1211 914 quam
1227 834 1444 915 propriis
1463 835 1515 891 in
1538 838 1738 914 Remp.

0 931 2 981 ἰ
69 918 374 980 *universam
394 916 743 978 Christianam
772 918 968 974 meritis
995 917 1093 973 tuis
1119 914 1326 989 deberi,
1359 937 1543 974 omnes
1567 938 1737 997 agno-

0 998 1 1006 *
93 1002 263 1074 scant,
295 1020 480 1059 omnes
508 998 777 1057 fateantur.
832 1003 921 1057 Te
944 1000 1204 1080 principes
1222 998 1735 1078 potentiffimisuspi-

91 1086 264 1156 ciunt;
293 1102 345 1142 te
362 1088 539 1162 Reges
567 1079 804 1140 latiffime
831 1082 1161 1141 dominantes
1180 1084 1456 1157 mirantur3
1481 1081 1585 1160 ipse
1612 1103 1731 1140 cum

89 1168 270 1250 primis
289 1166 533 1227 Pontifex
554 1166 810 1224 Maximus
825 1182 912 1221 tua
927 1166 1149 1222 amicitia
1163 1167 1423 1247 gloriatur.
1444 1165 1737 1224 Tibi‘Sere-

89 1249 292 1309 niffima
312 1254 637 1310 Venetorum
661 1248 822 1328 Resp.
838 1248 1264 1330 tranquillitatem
1292 1248 1429 1305 suam
1458 1245 1559 1304 fert
1584 1267 1735 1305 acce-

88 1351 230 1413 ptam
248 1341 335 1407 3&
356 1355 472 1391 cum
491 1327 750 1390 Pontifice
761 1331 947 1390 sartam
963 1333 1355 1412 gratiam,tuum
1370 1332 1735 1410 interpretatur

90 1437 292 1473 munus.
339 1421 428 1474 Te
443 1413 810 1473 foederatarum
826 1413 1208 1493 provinciarum
1225 1411 1546 1471 Illustriffimi
1566 1413 1738 1473 Ordi-

88 1518 203 1563 nes,
218 1497 311 1554 suae
325 1497 573 1555 libertatis
590 1492 912 1553 defensorem
928 1538 942 1557 ,
958 1493 1053 1553 suae
1070 1496 1209 1576 pacis
1227 1496 1637 1559 conciliatorem,
1659 1493 1734 1552 sui

88 1579 293 1658 imperii
308 1581 657 1659 protecstorem
674 1615 690 1642 ‚
708 1579 865 1655 pleno
887 1597 977 1634 ore
995 1576 1321 1657 profitentur.
1368 1578 1500 1636 Tibi
1526 1576 1733 1657 assurgit

88 1663 331 1742 quicquid
354 1662 543 1740 ubique
571 1661 869 1717 mortalium
899 1662 1106 1716 colitur.
1154 1663 1210 1719 O
1237 1658 1369 1718 salve
1384 1661 1520 1739 pacis
1537 1680 1732 1741 magne

84 1746 265 1801 audior
279 1784 294 1810 ‚
314 1743 708 1824 periclitantium
726 1759 903 1819 portus
922 1780 938 1808 ,
957 1734 1121 1799 rerum
1135 1742 1187 1799 in
1203 1747 1409 1823 Europa
1426 1788 1442 1813 ‚
1461 1742 1564 1799 salo
1579 1748 1631 1799 ὅ(
1652 1762 1735 1800 er-

69 1847 200 1884 -rore
215 1829 403 1884 dudum
419 1823 774 1885 fluc'tuantium
792 1866 808 1893 ,
839 1825 985 1880 unica
1000 1845 1207 1881 ancora.
1245 1829 1487 1882 Veneror
1512 1830 1568 1884 D
1588 1848 1615 1881 E
1637 1846 1668 1882 u
1689 1845 1732 1884 Μ

73 1911 147 1967 Ὀ
167 1931 198 1967 P
218 1931 274 1967 T.
319 1910 380 1966 M
399 1931 435 1966 A
452 1931 508 1967 x.
542 1924 596 1963 ut
612 1927 711 1987 qua
727 1906 1046 1987 benignitate
1064 1907 1306 1965 haffenus
1325 1927 1443 1964 curn
1456 1924 1541 1964 tua
1556 1908 1732 1983 Maje-

88 1993 218 2051 state
232 1994 366 2074 egit,
396 1994 578 2049 eadem
604 1986 764 2069 porro
791 1988 1083 2047 constanter
1097 2007 1232 2070 agat.
1277 1990 1353 2048 Sis
1367 1989 1570 2068 semper
1583 1988 1732 2047 domi

84 2070 388 2141 fortunatus,
403 2072 602 2153 semper
615 2073 666 2127 in
683 2071 943 2151 publicum
953 2068 1074 2130 felix
1092 2116 1106 2137 ‚
1121 2073 1322 2150 semper
1335 2071 1730 2154 augustu5,se1n-

81 2176 172 2234 per
186 2156 474 2214 concordiae
489 2154 650 2214 suasor
665 2154 802 2213 idem
829 2162 883 2218 &
900 2155 1089 2219 vindex
1102 2198 1121 2227 ,
1149 2155 1314 2219 Orbis
1328 2156 1547 2243 denique
1562 2154 1732 2235 Εἰπὲ..Δ

89 2236 235 2298 stiani
253 2237 445 2324 semper
461 2240 521 2300 sis
545 2236 752 2304 arbiter,
