1935 3458
523 126 1255 183 DEDICAT100
1634 143 1700 200 13

64 217 320 292 judicabat
352 219 611 300 Augustus
642 256 658 283 ‚
689 213 1004 273 felicissimus
1035 222 1088 274 &
1122 217 1368 274 maximus
1394 219 1563 278 omnis
1589 241 1701 278 me-

70 306 249 365 moriae
277 307 563 382 Imperator
589 325 604 370 3
643 300 731 379 qui
758 302 810 355 δέ
839 300 1011 378 legere
1041 295 1295 377 utriusque
1324 301 1508 380 linguae
1541 302 1706 360 histo„

64 389 197 445 ricos
231 429 245 454 ,
274 391 326 442 &
356 389 407 442 in
434 382 654 465 legendo
679 383 918 461 exempla
947 377 1151 458 publice
1176 382 1257 436 vel
1289 382 1528 458 privatim
1559 387 1702 443 utilia

66 469 242 531 {efflari
271 469 441 524 solitus
458 492 475 541 3
509 484 667 543 eaque
695 463 757 519 ad
787 462 1002 520 verbum
1030 479 1301 540 excerpta,
1329 481 1410 518 aut
1441 465 1499 521 ad
1518 467 1698 526 dome-

70 553 221 610 sticos
251 568 333 606 aut
364 548 424 603 ad
452 549 767 604 exercituum
799 545 1282 624 provinciarumque
1316 547 1542 603 reffores
1566 587 1582 613 ‚
1615 570 1699 606 aut

67 636 128 690 ad
145 635 279 690 urbis
298 628 615 708 magistratus
638 631 919 707 plerunque
933 628 1166 691 mittere,
1197 644 1346 702 prout
1372 629 1561 708 quique
1578 653 1697 688 mo-

67 716 277 772 nitionis
316 713 624 792 indigerent.
700 713 834 768 Non
867 711 937 764 ita
967 708 1224 784 judicabat
1251 710 1339 766 ille
1367 714 1493 767 Deo
1518 712 1697 771 charus

65 803 202 873 Imp.
221 792 550 852 Theodofius
565 794 765 867 junior,
790 813 946 872 quem
974 792 1151 848 audior
1168 812 1274 847 non
1300 792 1545 850 obscurus
1561 795 1697 852 inter

62 876 421 937 Ecclefiasticae
451 875 672 932 historiae
702 873 975 953 scriptores
1002 891 1200 946 narrat3
1238 872 1359 930 dum
1386 876 1617 954 priorum
1634 900 1695 934 o-

62 959 256 1016 mnium
288 958 721 1014 excellentilaude
737 957 1004 1016 illustrium
1030 958 1256 1012 virorum
1274 958 1579 1025 luminibus,
1610 961 1695 1040 pia

61 1049 116 1100 δ’
133 1039 375 1120 generosa
393 1042 718 1096 aemulatione
733 1058 947 1097 conatur
960 1039 1215 1096 obstruere
1229 1081 1246 1108 ‚
1262 1061 1504 1121 magnam
1521 1043 1698 1122 impe·-

63 1124 141 1178 rio
158 1121 454 1179 felicitatem
473 1122 778 1181 conciliasse.
818 1144 947 1201 qua,
976 1119 1221 1189 obsecro,
1239 1120 1509 1181 secundum
1529 1147 1692 1204 opem

60 1206 190 1268 Dei,
210 1210 342 1262 arte?
365 1205 536 1286 &9622
556 1248 572 1274 ‚
599 1205 666 1260 ait
681 1205 971 1271 historicus,
985 1202 1147 1281 ipsum
1163 1205 1524 1283 Theodosium
1541 1229 1692 1264 com·-

60 1289 283 1366 peilam,
315 1293 357 1350 Ῥ
386 1295 545 1365 πείλοᾳ
577 1288 957 1370 μ’]ωρθωμὲζύων
989 1293 1158 1357 Emori
1184 1313 1233 1347 τε
1265 1290 1554 1369 &Qualem
1583 1289 1691 1353 rbus*

61 1376 244 1450 ἱςοριάν
271 1369 572 1453 ἦκςίὲωζςςς.
609 1374 826 1444 quoniam
852 1372 1051 1426 omnium
1074 1389 1165 1443 qux
1177 1371 1275 1447 five
1295 1375 1465 1438 Graeci,
1482 1372 1581 1447 five
1596 1384 1690 1429 Ro-

60 1456 188 1508 mani
211 1459 421 1528 praeclare
434 1453 681 1526 fecerunt,
716 1453 945 1531 historiam
969 1468 1181 1508 accurate
1211 1453 1422 1529 didicisti.
1472 1462 1526 1511 &
1557 1457 1685 1513 mira

60 1533 90 1588 s
84 1552 171 1590 unt
187 1579 203 1604 ,
239 1555 330 1590 nec
347 1531 492 1591 facile
511 1535 589 1590 his
614 1536 842 1592 moribus
857 1533 1013 1591 fidem
1028 1535 1301 1592 inventura
1315 1585 1332 1609 ‚
1351 1557 1462 1615 quae
1478 1538 1541 1595 de
1556 1559 1687 1597 con·-

58 1617 291 1672 tentione
309 1618 414 1691 ejus
433 1615 648 1695 Augusti
661 1620 714 1673 in
731 1618 823 1674 hac
839 1634 977 1696 parte
993 1617 1129 1672 idem
1146 1638 1685 1679 commemorantem-

57 1718 151 1775 pus
183 1720 338 1753 omne
365 1696 501 1753 suum
530 1701 662 1755 inter
687 1701 901 1779 negocia
928 1704 980 1755 &
1017 1699 1173 1756 studia
1203 1699 1406 1780 semper
1433 1702 1678 1765 divisifle:

56 1781 190 1835 diem
206 1782 323 1844 illis,
340 1778 415 1835 his
433 1783 641 1837 noftem
657 1782 954 1837 attribuisse.
1001 1784 1135 1839 Non
1148 1784 1218 1838 ita
1232 1783 1490 1858 judicabat
1504 1790 1685 1864 Impe-

54 1879 192 1917 rator
214 1867 443 1939 Julianus
461 1905 478 1930 ‚
504 1864 742 1920 maximis
773 1865 860 1918 ille
876 1865 1086 1942 quidem
1104 1866 1344 1942 praestans
1373 1866 1569 1943 ingenii
1585 1869 1684 1925 do-

56 1945 189 2001 tibus
208 1990 223 2014 ,
259 1954 313 2006 &
343 1966 401 2001 ea
428 1946 644 2003 statione
670 1944 1026 2026 digniffimus3
1056 1944 1239 2003 verum
1268 1969 1333 2005 eo
1349 1948 1502 2004 miser
1528 1967 1688 2032 atque

51 2024 250 2097 infelix,
265 2027 409 2108 quod
422 2028 474 2084 in
495 2045 758 2086 tantorum
777 2049 1045 2087 munerum
1061 2031 1359 2110 largitorem
1384 2034 1582 2104 Deum,
1600 2038 1682 2092 in-

52 2127 224 2188 gratus
250 2111 446 2176 extitit,
479 2131 535 2167 ac
554 2133 678 2168 mox
704 2112 769 2167 ab
792 2113 963 2192 agnita
993 2113 1207 2168 veritate
1235 2112 1578 2172 scelestiffime
1594 2118 1679 2176 de.

52 2191 206 2262 fecit3
232 2216 386 2275 quem
401 2196 547 2250 miles
561 2192 712 2273 ipsius
728 2191 908 2263 refert,
926 2194 1041 2273 post
1055 2196 1203 2252 ardua
1219 2201 1270 2253 δέ
1288 2195 1412 2254 seria
1432 2201 1680 2258 termina-

51 2291 101 2329 ta
118 2312 134 2338 ,
161 2277 219 2332 ad
238 2277 619 2356 procudendum
644 2279 909 2360 ingenium
926 2277 1131 2334 solitum
1152 2281 1283 2336 verti
1297 2319 1311 2344 ‚
1345 2289 1395 2339 &
1416 2303 1478 2338 ex
1494 2281 1679 2341 Histo-

52 2357 126 2411 ria
138 2359 269 2435 quali
287 2359 467 2437 pabula
484 2360 713 2440 quaedam
732 2362 905 2417 animo
921 2363 979 2418 ad
996 2360 1225 2418 sublimia
1242 2360 1531 2430 scandenti,
1548 2384 1677 2423 con-

50 2439 269 2517 quirere.
308 2444 454 2498 Idem
474 2444 527 2498 in
539 2444 870 2522 expeditione
887 2443 1079 2501 Persica
1095 2446 1356 2501 civitatem
1381 2449 1603 2526 amplam
1620 2458 1677 2510 δε

54 2520 354 2600 populosam
372 2523 720 2603 Pyrisaboram
735 2573 750 2593 ,
768 2528 958 2606 triplici
973 2548 1165 2583 corona
1181 2529 1403 2584 cineram
1421 2551 1580 2608 quum
1596 2549 1680 2591 te-
1704 2596 1707 2599 ,

52 2622 197 2660 neret
224 2651 233 2667 ‚
267 2627 449 2664 omnes
483 2610 602 2664 aleae
633 2609 770 2665 casus
798 2611 935 2666 inter
964 2630 1162 2668 mutuas
1190 2614 1355 2668 clades
1381 2610 1560 2669 frustra
1586 2635 1680 2674 ex-

50 2705 254 2764 pertus3
276 2684 464 2745 facinus
495 2694 829 2748 memorabile
857 2693 1112 2772 Scipionis
1142 2694 1428 2764 AEmiliani,
1459 2697 1599 2776 quod
1621 2700 1676 2757 in

50 2771 370 2851 Carthagine
398 2773 640 2851 capienda
667 2776 730 2830 ab
751 2796 815 2832 eo
831 2777 1027 2833 editum
1058 2778 1283 2856 legerat,
1314 2778 1498 2835 imitari
1523 2784 1577 2836 δε
1595 2800 1680 2838 re-

49 2848 181 2909 ferre
201 2855 480 2910 constituit.
515 2857 603 2934 qui
617 2877 828 2914 conatus
846 2903 862 2928 ‚
881 2857 970 2914 etsi
987 2859 1179 2916 exitum
1196 2880 1301 2915 non
1319 2862 1528 2940 habuit3
1552 2862 1678 2944 quid

47 2936 186 2993 enim
215 2933 402 2995 misero
421 2938 497 2996 illi
524 2938 656 2997 bene
680 2958 900 3001 verteret
917 2984 935 3013 ,
960 2941 1093 3024 quia
1112 2949 1236 3002 Deo
1261 2940 1421 3004 sciens
1438 2943 1681 3029 prudens-

1574 3044 1676 3110 que
