<?xml version="1.0" encoding="UTF-8"?>
<!DOCTYPE html PUBLIC "-//W3C//DTD XHTML 1.0 Transitional//EN"
    "http://www.w3.org/TR/xhtml1/DTD/xhtml1-transitional.dtd">
<html xmlns="http://www.w3.org/1999/xhtml" xml:lang="en" lang="en">
 <head>
  <title>
</title>
<meta http-equiv="Content-Type" content="text/html;charset=utf-8" />
  <meta name='ocr-system' content='tesseract 3.04.00' />
  <meta name='ocr-capabilities' content='ocr_page ocr_carea ocr_par ocr_line ocrx_word'/>
</head>
<body>
  <div class='ocr_page' id='page_1' title='image "./polybioutoulykor03poly_0090.png"; bbox 0 0 1935 3458; ppageno 0'>
   <div class='ocr_carea' id='block_1_1' title="bbox 248 108 1548 192">
    <p class='ocr_par' dir='ltr' id='par_1_1' title="bbox 248 108 1548 192">
     <span class='ocr_line' id='line_1_1' title="bbox 248 108 1548 192; baseline -0.013 -17"><span class='ocrx_word' id='word_1_1' title='bbox 248 121 327 192; x_wconf 81' lang='lat'>84</span> <span class='ocrx_word' id='word_1_2' title='bbox 536 108 1548 173; x_wconf 76' lang='lat' dir='ltr'>IsAACICAsAUBoNI</span> 
     </span>
    </p>
   </div>
   <div class='ocr_carea' id='block_1_2' title="bbox 242 201 1935 1418">
    <p class='ocr_par' dir='ltr' id='par_1_2' title="bbox 242 201 1935 1418">
     <span class='ocr_line' id='line_1_2' title="bbox 243 201 1935 280; baseline -0.009 -20"><span class='ocrx_word' id='word_1_3' title='bbox 243 221 566 280; x_wconf 84' lang='lat' dir='ltr'>praenotantur,</span> <span class='ocrx_word' id='word_1_4' title='bbox 583 206 754 255; x_wconf 85' lang='lat' dir='ltr'>nifihoc</span> <span class='ocrx_word' id='word_1_5' title='bbox 771 204 929 256; x_wconf 80' lang='lat' dir='ltr'>modo,</span> <span class='ocrx_word' id='word_1_6' title='bbox 953 212 991 249; x_wconf 90' lang='grc' dir='ltr'><em>Π</em></span> <span class='ocrx_word' id='word_1_7' title='bbox 1010 215 1047 251; x_wconf 89' lang='lat' dir='ltr'>O</span> <span class='ocrx_word' id='word_1_8' title='bbox 1064 210 1101 249; x_wconf 86' lang='lat' dir='ltr'><strong>A</strong></span> <span class='ocrx_word' id='word_1_9' title='bbox 1119 208 1280 246; x_wconf 85' lang='grc' dir='ltr'>ΥΒΙΟ</span> <span class='ocrx_word' id='word_1_10' title='bbox 1299 207 1329 242; x_wconf 85' lang='grc' dir='ltr'>Υ</span> <span class='ocrx_word' id='word_1_11' title='bbox 1367 208 1404 243; x_wconf 84' lang='grc' dir='ltr'><strong>Τ</strong></span> <span class='ocrx_word' id='word_1_12' title='bbox 1423 207 1506 246; x_wconf 90' lang='grc' dir='ltr'>οΥ</span> <span class='ocrx_word' id='word_1_13' title='bbox 1542 206 1593 244; x_wconf 87' lang='grc' dir='ltr'>Γ.</span> <span class='ocrx_word' id='word_1_14' title='bbox 1619 201 1658 243; x_wconf 87' lang='grc' dir='ltr'><strong><em>Λ</em></strong></span> <span class='ocrx_word' id='word_1_15' title='bbox 1677 206 1814 246; x_wconf 90' lang='grc' dir='ltr'>ΟΓΟ</span> <span class='ocrx_word' id='word_1_16' title='bbox 1837 207 1883 249; x_wconf 88' lang='grc' dir='ltr'>Υ.</span> <span class='ocrx_word' id='word_1_17' title='bbox 1934 216 1935 220; x_wconf 66' lang='grc'>’</span> 
     </span>
     <span class='ocr_line' id='line_1_3' title="bbox 248 260 1935 330; baseline -0.011 -3"><span class='ocrx_word' id='word_1_18' title='bbox 248 287 291 327; x_wconf 68' lang='grc' dir='ltr'>δε</span> <span class='ocrx_word' id='word_1_19' title='bbox 320 285 693 328; x_wconf 73' lang='grc' dir='ltr'>ΠοΛΥΒῐοΥ</span> <span class='ocrx_word' id='word_1_20' title='bbox 733 283 871 321; x_wconf 74' lang='grc' dir='ltr'>ΤΟΥ</span> <span class='ocrx_word' id='word_1_21' title='bbox 909 282 963 320; x_wconf 86' lang='grc' dir='ltr'>Δ.</span> <span class='ocrx_word' id='word_1_22' title='bbox 1002 276 1144 316; x_wconf 83' lang='grc' dir='ltr'>ΛοΓ</span> <span class='ocrx_word' id='word_1_23' title='bbox 1166 275 1263 314; x_wconf 74' lang='lat' dir='ltr'>or.</span> <span class='ocrx_word' id='word_1_24' title='bbox 1308 279 1434 330; x_wconf 72' lang='lat' dir='ltr'>atque</span> <span class='ocrx_word' id='word_1_25' title='bbox 1473 263 1533 309; x_wconf 82' lang='lat' dir='ltr'>ita</span> <span class='ocrx_word' id='word_1_26' title='bbox 1565 263 1742 328; x_wconf 73' lang='lat' dir='ltr'>semper.</span> <span class='ocrx_word' id='word_1_27' title='bbox 1798 260 1935 330; x_wconf 45' lang='lat' dir='ltr'>Ipse¹</span> 
     </span>
     <span class='ocr_line' id='line_1_4' title="bbox 243 332 1882 409; baseline -0.011 -15"><span class='ocrx_word' id='word_1_28' title='bbox 243 347 396 394; x_wconf 57' lang='lat' dir='ltr'>auctor</span> <span class='ocrx_word' id='word_1_29' title='bbox 426 359 550 393; x_wconf 86' lang='lat' dir='ltr'>vocat</span> <span class='ocrx_word' id='word_1_30' title='bbox 579 342 759 409; x_wconf 80' lang='lat' dir='ltr'>persaepe</span> <span class='ocrx_word' id='word_1_31' title='bbox 781 340 940 398; x_wconf 65' lang='grc' dir='ltr'><em>βίέλες</em></span> <span class='ocrx_word' id='word_1_32' title='bbox 959 376 969 392; x_wconf 86' lang='grc'><strong><em>,</em></strong></span> <span class='ocrx_word' id='word_1_33' title='bbox 991 353 1079 384; x_wconf 88' lang='lat' dir='ltr'>non</span> <span class='ocrx_word' id='word_1_34' title='bbox 1107 348 1251 380; x_wconf 86' lang='lat' dir='ltr'>autem</span> <span class='ocrx_word' id='word_1_35' title='bbox 1282 333 1433 387; x_wconf 59' lang='grc' dir='ltr'>λόγες.</span> <span class='ocrx_word' id='word_1_36' title='bbox 1469 332 1632 376; x_wconf 86' lang='lat' dir='ltr'>namin</span> <span class='ocrx_word' id='word_1_37' title='bbox 1659 332 1840 396; x_wconf 84' lang='lat' dir='ltr'>quinto,</span> <span class='ocrx_word' id='word_1_38' title='bbox 1863 335 1882 380; x_wconf 79' lang='grc' dir='ltr'><strong>ὅ</strong></span> 
     </span>
     <span class='ocr_line' id='line_1_5' title="bbox 250 393 1935 472; baseline -0.007 -13"><span class='ocrx_word' id='word_1_39' title='bbox 250 411 599 472; x_wconf 52' lang='grc' dir='ltr'>φῇζᾴαῖΡωωιίων</span> <span class='ocrx_word' id='word_1_40' title='bbox 615 408 818 459; x_wconf 52' lang='lat' dir='ltr'>manem</span> <span class='ocrx_word' id='word_1_41' title='bbox 834 410 988 463; x_wconf 58' lang='lat'>2622&amp;</span> <span class='ocrx_word' id='word_1_42' title='bbox 1005 441 1017 463; x_wconf 84' lang='grc'>,</span> <span class='ocrx_word' id='word_1_43' title='bbox 1034 419 1121 450; x_wconf 89' lang='lat' dir='ltr'>non</span> <span class='ocrx_word' id='word_1_44' title='bbox 1142 400 1199 447; x_wconf 88' lang='lat' dir='ltr'>est</span> <span class='ocrx_word' id='word_1_45' title='bbox 1223 398 1328 446; x_wconf 87' lang='lat' dir='ltr'>liber</span> <span class='ocrx_word' id='word_1_46' title='bbox 1346 433 1357 453; x_wconf 89' lang='lat'>‚</span> <span class='ocrx_word' id='word_1_47' title='bbox 1386 414 1536 445; x_wconf 85' lang='lat' dir='ltr'>verum</span> <span class='ocrx_word' id='word_1_48' title='bbox 1561 393 1795 446; x_wconf 71' lang='lat' dir='ltr'>dissertatio</span> <span class='ocrx_word' id='word_1_49' title='bbox 1814 435 1824 455; x_wconf 91' lang='lat'>‚</span> <span class='ocrx_word' id='word_1_50' title='bbox 1842 405 1886 447; x_wconf 68' lang='grc' dir='ltr'>ὃς</span> <span class='ocrx_word' id='word_1_51' title='bbox 1934 414 1935 420; x_wconf 73' lang='grc'>’</span> 
     </span>
     <span class='ocr_line' id='line_1_6' title="bbox 242 468 1935 544; baseline -0.009 -17"><span class='ocrx_word' id='word_1_52' title='bbox 242 479 383 528; x_wconf 85' lang='lat' dir='ltr'>sermo</span> <span class='ocrx_word' id='word_1_53' title='bbox 404 480 455 527; x_wconf 91' lang='lat' dir='ltr'>de</span> <span class='ocrx_word' id='word_1_54' title='bbox 478 485 587 544; x_wconf 88' lang='lat' dir='ltr'>Rep.</span> <span class='ocrx_word' id='word_1_55' title='bbox 609 484 747 527; x_wconf 89' lang='lat' dir='ltr'>Rom.</span> <span class='ocrx_word' id='word_1_56' title='bbox 764 475 879 541; x_wconf 89' lang='lat' dir='ltr'>quod</span> <span class='ocrx_word' id='word_1_57' title='bbox 907 475 963 520; x_wconf 88' lang='lat' dir='ltr'>est</span> <span class='ocrx_word' id='word_1_58' title='bbox 979 472 1080 519; x_wconf 80' lang='lat' dir='ltr'><strong>libri</strong></span> <span class='ocrx_word' id='word_1_59' title='bbox 1106 469 1209 515; x_wconf 81' lang='lat' dir='ltr'>sexti</span> <span class='ocrx_word' id='word_1_60' title='bbox 1231 481 1555 534; x_wconf 81' lang='lat' dir='ltr'><strong>argumentum.</strong></span> <span class='ocrx_word' id='word_1_61' title='bbox 1594 471 1766 514; x_wconf 79' lang='lat' dir='ltr'>Veteres</span> <span class='ocrx_word' id='word_1_62' title='bbox 1783 468 1888 513; x_wconf 72' lang='lat' dir='ltr'>OEri-</span> <span class='ocrx_word' id='word_1_63' title='bbox 1934 518 1935 524; x_wconf 18' lang='lat'>¹</span> 
     </span>
     <span class='ocr_line' id='line_1_7' title="bbox 246 531 1935 615; baseline -0.009 -20"><span class='ocrx_word' id='word_1_64' title='bbox 246 549 325 595; x_wconf 91' lang='lat' dir='ltr'>tici</span> <span class='ocrx_word' id='word_1_65' title='bbox 337 565 471 615; x_wconf 88' lang='lat' dir='ltr'>quum</span> <span class='ocrx_word' id='word_1_66' title='bbox 485 545 791 611; x_wconf 84' lang='lat' dir='ltr'>Xenophontis</span> <span class='ocrx_word' id='word_1_67' title='bbox 810 534 1274 601; x_wconf 49' lang='grc' dir='ltr'>Απομνημθνώρώπψ</span> <span class='ocrx_word' id='word_1_68' title='bbox 1289 534 1613 581; x_wconf 75' lang='lat' dir='ltr'>Socraticorum</span> <span class='ocrx_word' id='word_1_69' title='bbox 1628 531 1744 579; x_wconf 83' lang='lat' dir='ltr'>libro</span> <span class='ocrx_word' id='word_1_70' title='bbox 1760 535 1891 599; x_wconf 89' lang='lat' dir='ltr'>quin-</span> <span class='ocrx_word' id='word_1_71' title='bbox 1934 588 1935 591; x_wconf 7' lang='grc' dir='ltr'><strong>Ἰ</strong></span> 
     </span>
     <span class='ocr_line' id='line_1_8' title="bbox 245 599 1935 673; baseline -0.011 -11"><span class='ocrx_word' id='word_1_72' title='bbox 245 630 294 662; x_wconf 92' lang='lat' dir='ltr'>to</span> <span class='ocrx_word' id='word_1_73' title='bbox 320 623 361 663; x_wconf 73' lang='grc' dir='ltr'>ὅ(</span> <span class='ocrx_word' id='word_1_74' title='bbox 375 616 533 664; x_wconf 88' lang='lat' dir='ltr'>ultimo</span> <span class='ocrx_word' id='word_1_75' title='bbox 547 613 725 661; x_wconf 88' lang='lat' dir='ltr'>titulum</span> <span class='ocrx_word' id='word_1_76' title='bbox 740 611 852 657; x_wconf 86' lang='lat' dir='ltr'>hunc</span> <span class='ocrx_word' id='word_1_77' title='bbox 881 599 1213 673; x_wconf 76' lang='lat' dir='ltr'>praescripfiffent</span> <span class='ocrx_word' id='word_1_78' title='bbox 1232 637 1242 657; x_wconf 89' lang='lat'>,</span> <span class='ocrx_word' id='word_1_79' title='bbox 1261 609 1296 646; x_wconf 87' lang='lat' dir='ltr'><strong>A</strong></span> <span class='ocrx_word' id='word_1_80' title='bbox 1319 614 1354 649; x_wconf 85' lang='lat' dir='ltr'>O</span> <span class='ocrx_word' id='word_1_81' title='bbox 1373 612 1405 646; x_wconf 85' lang='grc' dir='ltr'><strong><em>Γ</em></strong></span> <span class='ocrx_word' id='word_1_82' title='bbox 1423 614 1458 648; x_wconf 88' lang='lat' dir='ltr'>O</span> <span class='ocrx_word' id='word_1_83' title='bbox 1476 612 1510 648; x_wconf 83' lang='grc' dir='ltr'>Σ</span> <span class='ocrx_word' id='word_1_84' title='bbox 1555 611 1592 648; x_wconf 89' lang='lat' dir='ltr'>O</span> <span class='ocrx_word' id='word_1_85' title='bbox 1613 612 1628 647; x_wconf 86' lang='lat'>1</span> <span class='ocrx_word' id='word_1_86' title='bbox 1648 611 1685 648; x_wconf 87' lang='lat' dir='ltr'>K</span> <span class='ocrx_word' id='word_1_87' title='bbox 1706 611 1743 647; x_wconf 91' lang='lat' dir='ltr'>O</span> <span class='ocrx_word' id='word_1_88' title='bbox 1763 611 1803 646; x_wconf 90' lang='lat' dir='ltr'>N</span> <span class='ocrx_word' id='word_1_89' title='bbox 1818 613 1884 649; x_wconf 77' lang='grc' dir='ltr'>ο-</span> <span class='ocrx_word' id='word_1_90' title='bbox 1934 627 1935 665; x_wconf 65' lang='lat'>3</span> 
     </span>
     <span class='ocr_line' id='line_1_9' title="bbox 244 664 1881 746; baseline -0.013 -17"><span class='ocrx_word' id='word_1_91' title='bbox 244 693 323 732; x_wconf 90' lang='grc' dir='ltr'>Μῐ</span> <span class='ocrx_word' id='word_1_92' title='bbox 344 695 380 730; x_wconf 85' lang='lat' dir='ltr'>K</span> <span class='ocrx_word' id='word_1_93' title='bbox 400 695 436 732; x_wconf 92' lang='lat'>0</span> <span class='ocrx_word' id='word_1_94' title='bbox 456 693 491 730; x_wconf 89' lang='grc' dir='ltr'><strong>Σ</strong></span> <span class='ocrx_word' id='word_1_95' title='bbox 509 718 519 735; x_wconf 84' lang='lat'>‚</span> <span class='ocrx_word' id='word_1_96' title='bbox 551 696 598 729; x_wconf 85' lang='lat' dir='ltr'>ut</span> <span class='ocrx_word' id='word_1_97' title='bbox 613 680 834 746; x_wconf 81' lang='lat' dir='ltr'>propriam</span> <span class='ocrx_word' id='word_1_98' title='bbox 859 679 897 722; x_wconf 92' lang='lat' dir='ltr'>ei</span> <span class='ocrx_word' id='word_1_99' title='bbox 923 675 1036 721; x_wconf 89' lang='lat' dir='ltr'>libro</span> <span class='ocrx_word' id='word_1_100' title='bbox 1051 671 1356 718; x_wconf 61' lang='lat' dir='ltr'>tractationem</span> <span class='ocrx_word' id='word_1_101' title='bbox 1372 702 1383 719; x_wconf 93' lang='lat'>‚</span> <span class='ocrx_word' id='word_1_102' title='bbox 1411 664 1436 714; x_wconf 67' lang='lat' dir='ltr'>a</span> <span class='ocrx_word' id='word_1_103' title='bbox 1465 670 1659 733; x_wconf 79' lang='lat' dir='ltr'>priorum</span> <span class='ocrx_word' id='word_1_104' title='bbox 1691 665 1881 728; x_wconf 57' lang='lat' dir='ltr'>subjecto</span> 
     </span>
     <span class='ocr_line' id='line_1_10' title="bbox 244 735 1885 818; baseline -0.009 -22"><span class='ocrx_word' id='word_1_105' title='bbox 244 749 453 798; x_wconf 87' lang='lat' dir='ltr'>diversam</span> <span class='ocrx_word' id='word_1_106' title='bbox 468 749 729 818; x_wconf 79' lang='lat' dir='ltr'>defignarent</span> <span class='ocrx_word' id='word_1_107' title='bbox 745 782 755 801; x_wconf 87' lang='lat'>,</span> <span class='ocrx_word' id='word_1_108' title='bbox 779 745 884 791; x_wconf 87' lang='lat' dir='ltr'>ficut</span> <span class='ocrx_word' id='word_1_109' title='bbox 911 735 1051 789; x_wconf 79' lang='lat' dir='ltr'>fecisse</span> <span class='ocrx_word' id='word_1_110' title='bbox 1076 737 1243 785; x_wconf 84' lang='lat' dir='ltr'>eosdem</span> <span class='ocrx_word' id='word_1_111' title='bbox 1275 736 1468 782; x_wconf 79' lang='lat' dir='ltr'>videmus</span> <span class='ocrx_word' id='word_1_112' title='bbox 1492 736 1541 782; x_wconf 85' lang='lat' dir='ltr'>ad</span> <span class='ocrx_word' id='word_1_113' title='bbox 1567 738 1793 801; x_wconf 76' lang='lat' dir='ltr'>poetarum</span> <span class='ocrx_word' id='word_1_114' title='bbox 1809 753 1885 800; x_wconf 88' lang='lat' dir='ltr'>pa-</span> 
     </span>
     <span class='ocr_line' id='line_1_11' title="bbox 244 799 1887 881; baseline -0.012 -15"><span class='ocrx_word' id='word_1_115' title='bbox 244 832 358 865; x_wconf 88' lang='lat' dir='ltr'>trem</span> <span class='ocrx_word' id='word_1_116' title='bbox 372 853 383 874; x_wconf 90' lang='lat'>‚</span> <span class='ocrx_word' id='word_1_117' title='bbox 399 819 574 864; x_wconf 86' lang='lat' dir='ltr'>extitere</span> <span class='ocrx_word' id='word_1_118' title='bbox 587 815 724 881; x_wconf 88' lang='lat' dir='ltr'>postea</span> <span class='ocrx_word' id='word_1_119' title='bbox 738 812 936 860; x_wconf 84' lang='lat' dir='ltr'>homines</span> <span class='ocrx_word' id='word_1_120' title='bbox 954 807 1146 873; x_wconf 82' lang='lat' dir='ltr'>imperiti</span> <span class='ocrx_word' id='word_1_121' title='bbox 1163 842 1173 862; x_wconf 91' lang='lat'>‚</span> <span class='ocrx_word' id='word_1_122' title='bbox 1192 804 1265 871; x_wconf 85' lang='lat' dir='ltr'>qui</span> <span class='ocrx_word' id='word_1_123' title='bbox 1289 799 1404 850; x_wconf 78' lang='lat' dir='ltr'>male</span> <span class='ocrx_word' id='word_1_124' title='bbox 1419 818 1592 867; x_wconf 79' lang='lat' dir='ltr'>accepta</span> <span class='ocrx_word' id='word_1_125' title='bbox 1606 813 1708 852; x_wconf 86' lang='lat' dir='ltr'>voce</span> <span class='ocrx_word' id='word_1_126' title='bbox 1732 805 1887 858; x_wconf 54' lang='lat'>2621&amp;</span> 
     </span>
     <span class='ocr_line' id='line_1_12' title="bbox 247 870 1885 950; baseline -0.01 -19"><span class='ocrx_word' id='word_1_127' title='bbox 247 884 275 931; x_wconf 66' lang='lat' dir='ltr'>a</span> <span class='ocrx_word' id='word_1_128' title='bbox 291 901 447 932; x_wconf 87' lang='lat' dir='ltr'>caetero</span> <span class='ocrx_word' id='word_1_129' title='bbox 461 901 640 950; x_wconf 87' lang='lat' dir='ltr'>corpore</span> <span class='ocrx_word' id='word_1_130' title='bbox 669 898 763 929; x_wconf 83' lang='lat' dir='ltr'>eam</span> <span class='ocrx_word' id='word_1_131' title='bbox 789 894 954 944; x_wconf 82' lang='lat' dir='ltr'>partem</span> <span class='ocrx_word' id='word_1_132' title='bbox 982 875 1236 924; x_wconf 63' lang='lat' dir='ltr'>auctoritate</span> <span class='ocrx_word' id='word_1_133' title='bbox 1261 873 1331 916; x_wconf 85' lang='lat' dir='ltr'>M.</span> <span class='ocrx_word' id='word_1_134' title='bbox 1351 870 1489 916; x_wconf 86' lang='lat' dir='ltr'>Tullii</span> <span class='ocrx_word' id='word_1_135' title='bbox 1506 888 1592 917; x_wconf 87' lang='lat' dir='ltr'>non</span> <span class='ocrx_word' id='word_1_136' title='bbox 1610 871 1790 917; x_wconf 89' lang='lat' dir='ltr'>meliore</span> <span class='ocrx_word' id='word_1_137' title='bbox 1815 871 1885 930; x_wconf 84' lang='lat' dir='ltr'>ju-</span> 
     </span>
     <span class='ocr_line' id='line_1_13' title="bbox 244 938 1887 1008; baseline -0.01 -9"><span class='ocrx_word' id='word_1_138' title='bbox 244 951 361 999; x_wconf 86' lang='lat' dir='ltr'>dicio</span> <span class='ocrx_word' id='word_1_139' title='bbox 377 949 665 999; x_wconf 80' lang='lat' dir='ltr'>defenderunt.</span> <span class='ocrx_word' id='word_1_140' title='bbox 701 948 850 996; x_wconf 87' lang='lat' dir='ltr'>Solent</span> <span class='ocrx_word' id='word_1_141' title='bbox 870 946 1013 993; x_wconf 86' lang='lat' dir='ltr'>Graeci</span> <span class='ocrx_word' id='word_1_142' title='bbox 1033 957 1172 1008; x_wconf 85' lang='lat' dir='ltr'>partes</span> <span class='ocrx_word' id='word_1_143' title='bbox 1189 938 1370 1007; x_wconf 71' lang='lat' dir='ltr'>lingulas</span> <span class='ocrx_word' id='word_1_144' title='bbox 1399 954 1578 1002; x_wconf 86' lang='lat' dir='ltr'>operum</span> <span class='ocrx_word' id='word_1_145' title='bbox 1595 939 1813 999; x_wconf 78' lang='lat' dir='ltr'>majorum</span> <span class='ocrx_word' id='word_1_146' title='bbox 1842 938 1887 984; x_wconf 89' lang='lat' dir='ltr'>in</span> 
     </span>
     <span class='ocr_line' id='line_1_14' title="bbox 245 1003 1885 1088; baseline -0.01 -22"><span class='ocrx_word' id='word_1_147' title='bbox 245 1036 501 1086; x_wconf 82' lang='lat' dir='ltr'>quocunque</span> <span class='ocrx_word' id='word_1_148' title='bbox 513 1029 666 1088; x_wconf 80' lang='lat' dir='ltr'>genere</span> <span class='ocrx_word' id='word_1_149' title='bbox 683 1013 940 1080; x_wconf 85' lang='lat' dir='ltr'>scriptionis,</span> <span class='ocrx_word' id='word_1_150' title='bbox 954 1015 1090 1068; x_wconf 65' lang='grc' dir='ltr'>λόγες</span> <span class='ocrx_word' id='word_1_151' title='bbox 1107 1008 1324 1074; x_wconf 62' lang='lat' dir='ltr'>appellare,</span> <span class='ocrx_word' id='word_1_152' title='bbox 1344 1022 1415 1052; x_wconf 85' lang='lat' dir='ltr'>aut</span> <span class='ocrx_word' id='word_1_153' title='bbox 1431 1005 1576 1067; x_wconf 54' lang='grc' dir='ltr'>πόριες,</span> <span class='ocrx_word' id='word_1_154' title='bbox 1589 1020 1661 1052; x_wconf 88' lang='lat' dir='ltr'>aut</span> <span class='ocrx_word' id='word_1_155' title='bbox 1676 1003 1885 1067; x_wconf 54' lang='grc' dir='ltr'>συγῖρρέμ-</span> 
     </span>
     <span class='ocr_line' id='line_1_15' title="bbox 247 1071 1887 1153; baseline -0.011 -19"><span class='ocrx_word' id='word_1_156' title='bbox 247 1087 363 1149; x_wconf 59' lang='lat' dir='ltr'>pm&amp;</span> <span class='ocrx_word' id='word_1_157' title='bbox 380 1123 391 1142; x_wconf 90' lang='lat'>‚</span> <span class='ocrx_word' id='word_1_158' title='bbox 407 1104 508 1153; x_wconf 81' lang='lat' dir='ltr'>quas</span> <span class='ocrx_word' id='word_1_159' title='bbox 525 1104 652 1136; x_wconf 88' lang='lat' dir='ltr'>voces</span> <span class='ocrx_word' id='word_1_160' title='bbox 666 1077 909 1149; x_wconf 74' lang='lat' dir='ltr'>promiscue</span> <span class='ocrx_word' id='word_1_161' title='bbox 927 1098 1005 1144; x_wconf 89' lang='lat' dir='ltr'>pro</span> <span class='ocrx_word' id='word_1_162' title='bbox 1033 1076 1206 1136; x_wconf 51' lang='lat' dir='ltr'>effla&amp;</span> <span class='ocrx_word' id='word_1_163' title='bbox 1232 1089 1302 1121; x_wconf 83' lang='lat' dir='ltr'>aut</span> <span class='ocrx_word' id='word_1_164' title='bbox 1327 1072 1490 1129; x_wconf 67' lang='grc' dir='ltr'>βιζλίον</span> <span class='ocrx_word' id='word_1_165' title='bbox 1517 1073 1730 1137; x_wconf 84' lang='lat' dir='ltr'>usurpant.</span> <span class='ocrx_word' id='word_1_166' title='bbox 1766 1071 1887 1119; x_wconf 90' lang='lat' dir='ltr'>Hinc</span> 
     </span>
     <span class='ocr_line' id='line_1_16' title="bbox 244 1139 1935 1206; baseline -0.01 -6"><span class='ocrx_word' id='word_1_167' title='bbox 244 1153 320 1200; x_wconf 82' lang='lat' dir='ltr'>illa</span> <span class='ocrx_word' id='word_1_168' title='bbox 344 1153 557 1203; x_wconf 82' lang='lat' dir='ltr'>diversitas</span> <span class='ocrx_word' id='word_1_169' title='bbox 583 1155 628 1200; x_wconf 90' lang='lat' dir='ltr'>in</span> <span class='ocrx_word' id='word_1_170' title='bbox 643 1152 884 1198; x_wconf 84' lang='lat' dir='ltr'>multorum</span> <span class='ocrx_word' id='word_1_171' title='bbox 908 1148 1121 1195; x_wconf 89' lang='lat' dir='ltr'>librorum</span> <span class='ocrx_word' id='word_1_172' title='bbox 1147 1140 1511 1206; x_wconf 74' lang='lat' dir='ltr'>inscriptionibus.</span> <span class='ocrx_word' id='word_1_173' title='bbox 1551 1143 1669 1189; x_wconf 87' lang='lat' dir='ltr'>Nam</span> <span class='ocrx_word' id='word_1_174' title='bbox 1685 1139 1817 1185; x_wconf 85' lang='lat' dir='ltr'>etiam</span> <span class='ocrx_word' id='word_1_175' title='bbox 1840 1139 1886 1184; x_wconf 90' lang='lat' dir='ltr'>in</span> <span class='ocrx_word' id='word_1_176' title='bbox 1933 1164 1935 1169; x_wconf 87' lang='lat'><em>.</em></span> 
     </span>
     <span class='ocr_line' id='line_1_17' title="bbox 250 1207 1934 1287; baseline -0.012 -17"><span class='ocrx_word' id='word_1_177' title='bbox 250 1219 426 1286; x_wconf 74' lang='lat' dir='ltr'>josephi</span> <span class='ocrx_word' id='word_1_178' title='bbox 446 1222 768 1287; x_wconf 79' lang='lat' dir='ltr'>Antiquitatum</span> <span class='ocrx_word' id='word_1_179' title='bbox 782 1216 924 1269; x_wconf 83' lang='lat' dir='ltr'>libris,</span> <span class='ocrx_word' id='word_1_180' title='bbox 944 1233 1022 1281; x_wconf 90' lang='lat' dir='ltr'>pro</span> <span class='ocrx_word' id='word_1_181' title='bbox 1035 1231 1085 1260; x_wconf 92' lang='lat' dir='ltr'>eo</span> <span class='ocrx_word' id='word_1_182' title='bbox 1096 1210 1208 1276; x_wconf 87' lang='lat' dir='ltr'>quod</span> <span class='ocrx_word' id='word_1_183' title='bbox 1221 1210 1276 1256; x_wconf 90' lang='lat' dir='ltr'>est</span> <span class='ocrx_word' id='word_1_184' title='bbox 1293 1207 1455 1254; x_wconf 84' lang='lat' dir='ltr'>editum</span> <span class='ocrx_word' id='word_1_185' title='bbox 1474 1244 1484 1263; x_wconf 94' lang='lat'>‚</span> <span class='ocrx_word' id='word_1_186' title='bbox 1501 1210 1880 1265; x_wconf 55' lang='lat' dir='ltr'>20¹7&amp;‘w593r&amp;1‚</span> <span class='ocrx_word' id='word_1_187' title='bbox 1932 1264 1934 1269; x_wconf 21' lang='grc' dir='ltr'>ι</span> 
     </span>
     <span class='ocr_line' id='line_1_18' title="bbox 245 1272 1891 1352; baseline -0.011 -16"><span class='ocrx_word' id='word_1_188' title='bbox 245 1290 543 1337; x_wconf 72' lang='lat' dir='ltr'>vetustissimus</span> <span class='ocrx_word' id='word_1_189' title='bbox 563 1297 602 1336; x_wconf 84' lang='lat'>&amp;</span> <span class='ocrx_word' id='word_1_190' title='bbox 615 1286 871 1334; x_wconf 75' lang='lat' dir='ltr'>fideliffimus</span> <span class='ocrx_word' id='word_1_191' title='bbox 901 1283 1051 1352; x_wconf 74' lang='lat' dir='ltr'>Regiae</span> <span class='ocrx_word' id='word_1_192' title='bbox 1065 1277 1335 1328; x_wconf 80' lang='lat' dir='ltr'>bibliothecae</span> <span class='ocrx_word' id='word_1_193' title='bbox 1349 1275 1477 1322; x_wconf 84' lang='lat' dir='ltr'>codex</span> <span class='ocrx_word' id='word_1_194' title='bbox 1503 1275 1643 1327; x_wconf 81' lang='lat' dir='ltr'>habet,</span> <span class='ocrx_word' id='word_1_195' title='bbox 1662 1272 1826 1331; x_wconf 67' lang='grc' dir='ltr'>βιςλίον</span> <span class='ocrx_word' id='word_1_196' title='bbox 1843 1294 1891 1319; x_wconf 69' lang='lat'>00.</span> 
     </span>
     <span class='ocr_line' id='line_1_19' title="bbox 247 1338 1887 1418; baseline -0.011 -15"><span class='ocrx_word' id='word_1_197' title='bbox 247 1356 325 1403; x_wconf 82' lang='lat' dir='ltr'>alii</span> <span class='ocrx_word' id='word_1_198' title='bbox 337 1357 504 1403; x_wconf 84' lang='lat' dir='ltr'>codices</span> <span class='ocrx_word' id='word_1_199' title='bbox 516 1355 698 1418; x_wconf 85' lang='lat' dir='ltr'>ejusdem</span> <span class='ocrx_word' id='word_1_200' title='bbox 711 1349 984 1400; x_wconf 67' lang='lat' dir='ltr'>bibliothecae</span> <span class='ocrx_word' id='word_1_201' title='bbox 1004 1367 1104 1397; x_wconf 86' lang='lat' dir='ltr'>cum</span> <span class='ocrx_word' id='word_1_202' title='bbox 1120 1343 1245 1392; x_wconf 82' lang='lat' dir='ltr'>editis</span> <span class='ocrx_word' id='word_1_203' title='bbox 1263 1342 1547 1392; x_wconf 85' lang='lat' dir='ltr'>consentiunt.</span> <span class='ocrx_word' id='word_1_204' title='bbox 1585 1341 1653 1388; x_wconf 86' lang='lat' dir='ltr'>Sic</span> <span class='ocrx_word' id='word_1_205' title='bbox 1677 1340 1810 1387; x_wconf 88' lang='lat' dir='ltr'>libros</span> <span class='ocrx_word' id='word_1_206' title='bbox 1824 1338 1887 1386; x_wconf 89' lang='lat' dir='ltr'>se-</span> 
     </span>
    </p>
   </div>
   <div class='ocr_carea' id='block_1_3' title="bbox 249 1412 1458 1489">
    <p class='ocr_par' dir='ltr' id='par_1_3' title="bbox 249 1412 1458 1489">
     <span class='ocr_line' id='line_1_20' title="bbox 249 1412 1458 1489; baseline -0.01 -20"><span class='ocrx_word' id='word_1_207' title='bbox 249 1437 372 1489; x_wconf 83' lang='lat' dir='ltr'>ptem</span> <span class='ocrx_word' id='word_1_208' title='bbox 386 1423 436 1470; x_wconf 90' lang='lat' dir='ltr'>de</span> <span class='ocrx_word' id='word_1_209' title='bbox 451 1424 565 1472; x_wconf 86' lang='lat' dir='ltr'>bello</span> <span class='ocrx_word' id='word_1_210' title='bbox 582 1422 774 1488; x_wconf 65' lang='lat' dir='ltr'>judalco</span> <span class='ocrx_word' id='word_1_211' title='bbox 787 1418 986 1467; x_wconf 80' lang='lat' dir='ltr'>Eusebius</span> <span class='ocrx_word' id='word_1_212' title='bbox 998 1417 1176 1483; x_wconf 85' lang='lat' dir='ltr'>appellat</span> <span class='ocrx_word' id='word_1_213' title='bbox 1191 1413 1292 1462; x_wconf 65' lang='grc' dir='ltr'><em>ἑπἹιὶ</em></span> <span class='ocrx_word' id='word_1_214' title='bbox 1305 1412 1458 1468; x_wconf 59' lang='lat' dir='ltr'>Myer.</span> 
     </span>
    </p>
   </div>
   <div class='ocr_carea' id='block_1_4' title="bbox 1934 0 1935 513">
    <p class='ocr_par' dir='ltr' id='par_1_4' title="bbox 1934 0 1935 513">
     <span class='ocr_line' id='line_1_21' title="bbox 1934 0 1935 513; baseline 0 0"><span class='ocrx_word' id='word_1_215' title='bbox 1934 0 1935 513; x_wconf 95' lang='lat' dir='ltr'> </span> 
     </span>
    </p>
   </div>
   <div class='ocr_carea' id='block_1_5' title="bbox 701 1555 1407 1612">
    <p class='ocr_par' dir='ltr' id='par_1_5' title="bbox 701 1555 1407 1612">
     <span class='ocr_line' id='line_1_22' title="bbox 701 1555 1407 1612; baseline -0.014 0"><span class='ocrx_word' id='word_1_216' title='bbox 701 1555 1407 1612; x_wconf 87' lang='lat' dir='ltr'><strong>PROOEMIUM.</strong></span> 
     </span>
    </p>
   </div>
   <div class='ocr_carea' id='block_1_6' title="bbox 240 1677 1927 2966">
    <p class='ocr_par' dir='ltr' id='par_1_6' title="bbox 240 1677 1935 2966">
     <span class='ocr_line' id='line_1_23' title="bbox 288 1677 1892 1754; baseline -0.01 -13"><span class='ocrx_word' id='word_1_217' title='bbox 288 1691 291 1693; x_wconf 67' lang='grc'><strong>’</strong></span> <span class='ocrx_word' id='word_1_218' title='bbox 348 1686 990 1754; x_wconf 63' lang='lat' dir='ltr'>RaefatioPolybiitractatione</span> <span class='ocrx_word' id='word_1_219' title='bbox 1004 1684 1163 1750; x_wconf 87' lang='lat' dir='ltr'>septem</span> <span class='ocrx_word' id='word_1_220' title='bbox 1180 1681 1370 1746; x_wconf 89' lang='lat' dir='ltr'>capitum</span> <span class='ocrx_word' id='word_1_221' title='bbox 1382 1678 1628 1727; x_wconf 82' lang='lat' dir='ltr'>absolvitur.</span> <span class='ocrx_word' id='word_1_222' title='bbox 1673 1677 1892 1743; x_wconf 84' lang='lat' dir='ltr'>Principio</span> 
     </span>
     <span class='ocr_line' id='line_1_24' title="bbox 344 1746 1884 1814; baseline -0.01 -8"><span class='ocrx_word' id='word_1_223' title='bbox 344 1759 495 1806; x_wconf 57' lang='lat' dir='ltr'>auctor</span> <span class='ocrx_word' id='word_1_224' title='bbox 509 1757 731 1804; x_wconf 86' lang='lat' dir='ltr'>historiam</span> <span class='ocrx_word' id='word_1_225' title='bbox 749 1752 1058 1814; x_wconf 62' lang='grc' dir='ltr'>πςαιγρςφῖικάδ</span> <span class='ocrx_word' id='word_1_226' title='bbox 1072 1754 1114 1798; x_wconf 90' lang='lat' dir='ltr'>in</span> <span class='ocrx_word' id='word_1_227' title='bbox 1128 1747 1369 1797; x_wconf 85' lang='lat' dir='ltr'>universum</span> <span class='ocrx_word' id='word_1_228' title='bbox 1390 1746 1530 1794; x_wconf 80' lang='lat' dir='ltr'>laudat</span> <span class='ocrx_word' id='word_1_229' title='bbox 1546 1783 1557 1802; x_wconf 90' lang='lat'>,</span> <span class='ocrx_word' id='word_1_230' title='bbox 1580 1747 1810 1812; x_wconf 80' lang='lat' dir='ltr'>praecipuas</span> <span class='ocrx_word' id='word_1_231' title='bbox 1828 1746 1884 1791; x_wconf 83' lang='lat' dir='ltr'>il·</span> 
     </span>
     <span class='ocr_line' id='line_1_25' title="bbox 244 1814 1890 1880; baseline -0.005 -12"><span class='ocrx_word' id='word_1_232' title='bbox 244 1822 327 1869; x_wconf 88' lang='lat' dir='ltr'>lius</span> <span class='ocrx_word' id='word_1_233' title='bbox 350 1826 554 1873; x_wconf 80' lang='lat' dir='ltr'>utilitates</span> <span class='ocrx_word' id='word_1_234' title='bbox 581 1840 949 1871; x_wconf 86' lang='lat' dir='ltr'>commemorans.</span> <span class='ocrx_word' id='word_1_235' title='bbox 986 1818 1153 1866; x_wconf 86' lang='lat' dir='ltr'>Deinde</span> <span class='ocrx_word' id='word_1_236' title='bbox 1181 1815 1344 1862; x_wconf 86' lang='lat' dir='ltr'>accedit</span> <span class='ocrx_word' id='word_1_237' title='bbox 1373 1814 1576 1880; x_wconf 84' lang='lat' dir='ltr'>Polybius</span> <span class='ocrx_word' id='word_1_238' title='bbox 1609 1814 1661 1860; x_wconf 86' lang='lat' dir='ltr'>ad</span> <span class='ocrx_word' id='word_1_239' title='bbox 1695 1814 1890 1878; x_wconf 80' lang='lat' dir='ltr'>proprias</span> 
     </span>
     <span class='ocr_line' id='line_1_26' title="bbox 245 1879 1892 1957; baseline -0.007 -20"><span class='ocrx_word' id='word_1_240' title='bbox 245 1889 440 1957; x_wconf 86' lang='lat' dir='ltr'>susceptae</span> <span class='ocrx_word' id='word_1_241' title='bbox 456 1890 480 1938; x_wconf 68' lang='lat' dir='ltr'>a</span> <span class='ocrx_word' id='word_1_242' title='bbox 494 1892 531 1938; x_wconf 91' lang='lat' dir='ltr'>se</span> <span class='ocrx_word' id='word_1_243' title='bbox 542 1891 726 1938; x_wconf 86' lang='lat' dir='ltr'>historiae</span> <span class='ocrx_word' id='word_1_244' title='bbox 755 1888 895 1936; x_wconf 83' lang='lat' dir='ltr'>laudes</span> <span class='ocrx_word' id='word_1_245' title='bbox 911 1924 921 1944; x_wconf 93' lang='lat'><em>,</em></span> <span class='ocrx_word' id='word_1_246' title='bbox 953 1889 1074 1948; x_wconf 83' lang='lat' dir='ltr'>cujus</span> <span class='ocrx_word' id='word_1_247' title='bbox 1096 1884 1356 1953; x_wconf 79' lang='lat' dir='ltr'>dignitatem</span> <span class='ocrx_word' id='word_1_248' title='bbox 1371 1897 1457 1946; x_wconf 84' lang='lat' dir='ltr'>prae</span> <span class='ocrx_word' id='word_1_249' title='bbox 1481 1881 1643 1927; x_wconf 86' lang='lat' dir='ltr'>caeteris</span> <span class='ocrx_word' id='word_1_250' title='bbox 1673 1879 1861 1927; x_wconf 83' lang='lat' dir='ltr'>historiis</span> <span class='ocrx_word' id='word_1_251' title='bbox 1877 1916 1892 1936; x_wconf 91' lang='lat'>,</span> 
     </span>
     <span class='ocr_line' id='line_1_27' title="bbox 248 1947 1886 2022; baseline -0.007 -19"><span class='ocrx_word' id='word_1_252' title='bbox 248 1956 409 2006; x_wconf 80' lang='lat' dir='ltr'>duabus</span> <span class='ocrx_word' id='word_1_253' title='bbox 425 1958 660 2006; x_wconf 86' lang='lat' dir='ltr'>rationibus</span> <span class='ocrx_word' id='word_1_254' title='bbox 686 1955 854 2022; x_wconf 88' lang='lat' dir='ltr'>probat.</span> <span class='ocrx_word' id='word_1_255' title='bbox 895 1956 1014 2019; x_wconf 86' lang='lat' dir='ltr'>prior</span> <span class='ocrx_word' id='word_1_256' title='bbox 1028 1952 1083 1999; x_wconf 92' lang='lat' dir='ltr'>est</span> <span class='ocrx_word' id='word_1_257' title='bbox 1102 1968 1242 1999; x_wconf 86' lang='lat' dir='ltr'>rerum</span> <span class='ocrx_word' id='word_1_258' title='bbox 1258 1949 1469 2017; x_wconf 77' lang='lat' dir='ltr'>gestarum</span> <span class='ocrx_word' id='word_1_259' title='bbox 1494 1965 1597 2013; x_wconf 81' lang='lat' dir='ltr'>quas</span> <span class='ocrx_word' id='word_1_260' title='bbox 1608 1947 1665 1993; x_wconf 90' lang='lat' dir='ltr'>est</span> <span class='ocrx_word' id='word_1_261' title='bbox 1691 1961 1886 1994; x_wconf 82' lang='lat' dir='ltr'>narratu-</span> 
     </span>
     <span class='ocr_line' id='line_1_28' title="bbox 248 2015 1882 2093; baseline -0.008 -22"><span class='ocrx_word' id='word_1_262' title='bbox 248 2042 321 2071; x_wconf 78' lang='lat' dir='ltr'>rus</span> <span class='ocrx_word' id='word_1_263' title='bbox 340 2027 510 2074; x_wconf 83' lang='lat' dir='ltr'>novitas</span> <span class='ocrx_word' id='word_1_264' title='bbox 526 2062 538 2081; x_wconf 85' lang='lat'>,</span> <span class='ocrx_word' id='word_1_265' title='bbox 563 2031 604 2073; x_wconf 87' lang='lat'>&amp;</span> <span class='ocrx_word' id='word_1_266' title='bbox 622 2023 878 2093; x_wconf 80' lang='lat' dir='ltr'>magnitudo</span> <span class='ocrx_word' id='word_1_267' title='bbox 896 2040 906 2067; x_wconf 77' lang='grc' dir='ltr'><strong><em>ε</em></strong></span> <span class='ocrx_word' id='word_1_268' title='bbox 932 2021 1136 2086; x_wconf 86' lang='lat' dir='ltr'>posterior</span> <span class='ocrx_word' id='word_1_269' title='bbox 1152 2056 1162 2076; x_wconf 90' lang='lat'>,</span> <span class='ocrx_word' id='word_1_270' title='bbox 1188 2018 1311 2082; x_wconf 66' lang='lat' dir='ltr'>ipsius</span> <span class='ocrx_word' id='word_1_271' title='bbox 1334 2015 1758 2079; x_wconf 65' lang='lat' dir='ltr'>strbjeffipraestantia</span> <span class='ocrx_word' id='word_1_272' title='bbox 1773 2049 1783 2068; x_wconf 91' lang='lat'>,</span> <span class='ocrx_word' id='word_1_273' title='bbox 1801 2031 1882 2078; x_wconf 84' lang='lat' dir='ltr'>po·</span> 
     </span>
     <span class='ocr_line' id='line_1_29' title="bbox 247 2085 1888 2158; baseline -0.007 -19"><span class='ocrx_word' id='word_1_274' title='bbox 247 2093 340 2157; x_wconf 84' lang='lat' dir='ltr'>puli</span> <span class='ocrx_word' id='word_1_275' title='bbox 364 2111 516 2158; x_wconf 87' lang='lat' dir='ltr'>nempe</span> <span class='ocrx_word' id='word_1_276' title='bbox 529 2095 722 2142; x_wconf 89' lang='lat' dir='ltr'>Romani</span> <span class='ocrx_word' id='word_1_277' title='bbox 744 2090 935 2156; x_wconf 87' lang='lat' dir='ltr'>potentia</span> <span class='ocrx_word' id='word_1_278' title='bbox 959 2089 1160 2136; x_wconf 85' lang='lat' dir='ltr'>omnium</span> <span class='ocrx_word' id='word_1_279' title='bbox 1176 2086 1248 2151; x_wconf 86' lang='lat' dir='ltr'>qui</span> <span class='ocrx_word' id='word_1_280' title='bbox 1274 2101 1460 2148; x_wconf 78' lang='lat' dir='ltr'>unquam</span> <span class='ocrx_word' id='word_1_281' title='bbox 1493 2085 1729 2129; x_wconf 85' lang='lat' dir='ltr'>floruerunt</span> <span class='ocrx_word' id='word_1_282' title='bbox 1748 2098 1888 2146; x_wconf 86' lang='lat' dir='ltr'>popu·</span> 
     </span>
     <span class='ocr_line' id='line_1_30' title="bbox 247 2150 1888 2226; baseline -0.007 -20"><span class='ocrx_word' id='word_1_283' title='bbox 247 2160 393 2208; x_wconf 86' lang='lat' dir='ltr'>lorum</span> <span class='ocrx_word' id='word_1_284' title='bbox 420 2163 662 2225; x_wconf 85' lang='lat' dir='ltr'>potentiam</span> <span class='ocrx_word' id='word_1_285' title='bbox 687 2160 818 2226; x_wconf 78' lang='lat' dir='ltr'>longe</span> <span class='ocrx_word' id='word_1_286' title='bbox 846 2152 1115 2224; x_wconf 60' lang='lat' dir='ltr'>supergressa.</span> <span class='ocrx_word' id='word_1_287' title='bbox 1153 2156 1194 2200; x_wconf 88' lang='lat' dir='ltr'>id</span> <span class='ocrx_word' id='word_1_288' title='bbox 1212 2151 1326 2216; x_wconf 86' lang='lat' dir='ltr'>quod</span> <span class='ocrx_word' id='word_1_289' title='bbox 1353 2151 1546 2198; x_wconf 80' lang='lat' dir='ltr'>Romani</span> <span class='ocrx_word' id='word_1_290' title='bbox 1568 2150 1738 2215; x_wconf 87' lang='lat' dir='ltr'>imperii</span> <span class='ocrx_word' id='word_1_291' title='bbox 1760 2167 1888 2196; x_wconf 88' lang='lat' dir='ltr'>com-</span> 
     </span>
     <span class='ocr_line' id='line_1_31' title="bbox 241 2217 1883 2292; baseline -0.007 -18"><span class='ocrx_word' id='word_1_292' title='bbox 241 2229 467 2292; x_wconf 87' lang='lat' dir='ltr'>paratione</span> <span class='ocrx_word' id='word_1_293' title='bbox 497 2229 684 2274; x_wconf 83' lang='lat' dir='ltr'>instituta</span> <span class='ocrx_word' id='word_1_294' title='bbox 714 2244 813 2272; x_wconf 80' lang='lat' dir='ltr'>cum</span> <span class='ocrx_word' id='word_1_295' title='bbox 841 2224 1057 2271; x_wconf 77' lang='lat' dir='ltr'>Persarum</span> <span class='ocrx_word' id='word_1_296' title='bbox 1076 2259 1087 2280; x_wconf 90' lang='lat'>,</span> <span class='ocrx_word' id='word_1_297' title='bbox 1119 2220 1553 2268; x_wconf 65' lang='lat' dir='ltr'>Lacedaemoniorum</span> <span class='ocrx_word' id='word_1_298' title='bbox 1598 2223 1638 2263; x_wconf 63' lang='grc' dir='ltr'>ὃς</span> <span class='ocrx_word' id='word_1_299' title='bbox 1674 2217 1883 2263; x_wconf 83' lang='lat' dir='ltr'>Macedo-</span> 
     </span>
     <span class='ocr_line' id='line_1_32' title="bbox 248 2283 1927 2360; baseline -0.007 -19"><span class='ocrx_word' id='word_1_300' title='bbox 248 2312 358 2341; x_wconf 89' lang='lat' dir='ltr'>num</span> <span class='ocrx_word' id='word_1_301' title='bbox 373 2296 568 2360; x_wconf 86' lang='lat' dir='ltr'>imperiis</span> <span class='ocrx_word' id='word_1_302' title='bbox 583 2331 594 2350; x_wconf 90' lang='lat'>‚</span> <span class='ocrx_word' id='word_1_303' title='bbox 623 2290 734 2341; x_wconf 73' lang='lat' dir='ltr'>clare</span> <span class='ocrx_word' id='word_1_304' title='bbox 748 2292 1075 2340; x_wconf 87' lang='lat' dir='ltr'>demonstratur.</span> <span class='ocrx_word' id='word_1_305' title='bbox 1113 2290 1211 2337; x_wconf 87' lang='lat' dir='ltr'>Post</span> <span class='ocrx_word' id='word_1_306' title='bbox 1226 2286 1314 2333; x_wconf 68' lang='lat' dir='ltr'>hacc</span> <span class='ocrx_word' id='word_1_307' title='bbox 1330 2286 1380 2332; x_wconf 90' lang='lat' dir='ltr'>de</span> <span class='ocrx_word' id='word_1_308' title='bbox 1395 2287 1532 2352; x_wconf 82' lang='lat' dir='ltr'>capite</span> <span class='ocrx_word' id='word_1_309' title='bbox 1548 2284 1794 2350; x_wconf 85' lang='lat' dir='ltr'>Polybianae</span> <span class='ocrx_word' id='word_1_310' title='bbox 1811 2283 1881 2331; x_wconf 85' lang='lat' dir='ltr'>hi·</span> <span class='ocrx_word' id='word_1_311' title='bbox 1925 2303 1927 2323; x_wconf 37' lang='grc' dir='ltr'>κ</span> 
     </span>
     <span class='ocr_line' id='line_1_33' title="bbox 247 2351 1884 2431; baseline -0.006 -23"><span class='ocrx_word' id='word_1_312' title='bbox 247 2362 388 2409; x_wconf 82' lang='lat' dir='ltr'>storiae</span> <span class='ocrx_word' id='word_1_313' title='bbox 412 2364 577 2431; x_wconf 80' lang='lat' dir='ltr'>agitur,</span> <span class='ocrx_word' id='word_1_314' title='bbox 603 2368 643 2409; x_wconf 59' lang='grc' dir='ltr'>δέ</span> <span class='ocrx_word' id='word_1_315' title='bbox 658 2361 788 2408; x_wconf 79' lang='lat' dir='ltr'>causae</span> <span class='ocrx_word' id='word_1_316' title='bbox 805 2361 1082 2424; x_wconf 80' lang='lat' dir='ltr'>explicantur.</span> <span class='ocrx_word' id='word_1_317' title='bbox 1125 2375 1200 2404; x_wconf 89' lang='lat' dir='ltr'>cur</span> <span class='ocrx_word' id='word_1_318' title='bbox 1228 2351 1252 2400; x_wconf 66' lang='lat' dir='ltr'>a</span> <span class='ocrx_word' id='word_1_319' title='bbox 1267 2355 1378 2401; x_wconf 86' lang='lat' dir='ltr'>bello</span> <span class='ocrx_word' id='word_1_320' title='bbox 1395 2355 1559 2400; x_wconf 87' lang='lat' dir='ltr'>Punico</span> <span class='ocrx_word' id='word_1_321' title='bbox 1586 2351 1766 2399; x_wconf 87' lang='lat' dir='ltr'>secundo</span> <span class='ocrx_word' id='word_1_322' title='bbox 1785 2352 1884 2414; x_wconf 77' lang='lat' dir='ltr'>justi</span> 
     </span>
     <span class='ocr_line' id='line_1_34' title="bbox 247 2416 1883 2493; baseline -0.006 -19"><span class='ocrx_word' id='word_1_323' title='bbox 247 2431 389 2493; x_wconf 87' lang='lat' dir='ltr'>operis</span> <span class='ocrx_word' id='word_1_324' title='bbox 415 2431 473 2476; x_wconf 89' lang='lat' dir='ltr'>sui</span> <span class='ocrx_word' id='word_1_325' title='bbox 498 2430 726 2477; x_wconf 81' lang='lat' dir='ltr'>materiam</span> <span class='ocrx_word' id='word_1_326' title='bbox 756 2429 906 2475; x_wconf 57' lang='lat' dir='ltr'>auctor</span> <span class='ocrx_word' id='word_1_327' title='bbox 929 2427 975 2472; x_wconf 81' lang='lat' dir='ltr'>fit</span> <span class='ocrx_word' id='word_1_328' title='bbox 1003 2425 1183 2472; x_wconf 84' lang='lat' dir='ltr'>exorsus.</span> <span class='ocrx_word' id='word_1_329' title='bbox 1229 2426 1369 2468; x_wconf 86' lang='lat' dir='ltr'>Docet</span> <span class='ocrx_word' id='word_1_330' title='bbox 1392 2423 1586 2486; x_wconf 84' lang='lat' dir='ltr'>deinceps</span> <span class='ocrx_word' id='word_1_331' title='bbox 1612 2456 1624 2476; x_wconf 83' lang='lat'>,</span> <span class='ocrx_word' id='word_1_332' title='bbox 1654 2437 1726 2467; x_wconf 89' lang='lat' dir='ltr'>cur</span> <span class='ocrx_word' id='word_1_333' title='bbox 1753 2416 1883 2466; x_wconf 88' lang='lat' dir='ltr'>fuerit</span> 
     </span>
     <span class='ocr_line' id='line_1_35' title="bbox 245 2486 1887 2553; baseline -0.005 -11"><span class='ocrx_word' id='word_1_334' title='bbox 245 2496 323 2542; x_wconf 86' lang='lat' dir='ltr'>sibi</span> <span class='ocrx_word' id='word_1_335' title='bbox 351 2493 509 2543; x_wconf 80' lang='lat' dir='ltr'>neccsse</span> <span class='ocrx_word' id='word_1_336' title='bbox 534 2498 583 2543; x_wconf 84' lang='lat' dir='ltr'>ad</span> <span class='ocrx_word' id='word_1_337' title='bbox 606 2497 829 2542; x_wconf 87' lang='lat' dir='ltr'>historiam</span> <span class='ocrx_word' id='word_1_338' title='bbox 857 2493 970 2541; x_wconf 85' lang='lat' dir='ltr'>suam</span> <span class='ocrx_word' id='word_1_339' title='bbox 995 2493 1179 2539; x_wconf 85' lang='lat' dir='ltr'>duorum</span> <span class='ocrx_word' id='word_1_340' title='bbox 1193 2490 1407 2538; x_wconf 86' lang='lat' dir='ltr'>librorum</span> <span class='ocrx_word' id='word_1_341' title='bbox 1435 2494 1652 2553; x_wconf 87' lang='lat' dir='ltr'>Apparatu</span> <span class='ocrx_word' id='word_1_342' title='bbox 1681 2488 1795 2534; x_wconf 83' lang='lat' dir='ltr'>viam</span> <span class='ocrx_word' id='word_1_343' title='bbox 1824 2486 1887 2533; x_wconf 90' lang='lat' dir='ltr'>le-</span> 
     </span>
     <span class='ocr_line' id='line_1_36' title="bbox 247 2552 1878 2628; baseline -0.006 -18"><span class='ocrx_word' id='word_1_344' title='bbox 247 2564 363 2610; x_wconf 66' lang='lat' dir='ltr'>&amp;ori</span> <span class='ocrx_word' id='word_1_345' title='bbox 377 2565 561 2610; x_wconf 88' lang='lat' dir='ltr'>munire.</span> <span class='ocrx_word' id='word_1_346' title='bbox 595 2564 833 2610; x_wconf 85' lang='lat' dir='ltr'>Secundum</span> <span class='ocrx_word' id='word_1_347' title='bbox 856 2577 949 2628; x_wconf 77' lang='lat' dir='ltr'>qua:</span> <span class='ocrx_word' id='word_1_348' title='bbox 967 2556 1200 2607; x_wconf 80' lang='lat' dir='ltr'>afferuntur</span> <span class='ocrx_word' id='word_1_349' title='bbox 1214 2558 1238 2604; x_wconf 73' lang='grc' dir='ltr'>εὶ</span> <span class='ocrx_word' id='word_1_350' title='bbox 1257 2557 1436 2622; x_wconf 88' lang='lat' dir='ltr'>Polybio</span> <span class='ocrx_word' id='word_1_351' title='bbox 1452 2556 1581 2603; x_wconf 78' lang='lat' dir='ltr'>causae</span> <span class='ocrx_word' id='word_1_352' title='bbox 1596 2592 1607 2611; x_wconf 92' lang='lat'>,</span> <span class='ocrx_word' id='word_1_353' title='bbox 1636 2572 1765 2621; x_wconf 87' lang='lat' dir='ltr'>quare</span> <span class='ocrx_word' id='word_1_354' title='bbox 1794 2552 1878 2601; x_wconf 86' lang='lat' dir='ltr'>hoc</span> 
     </span>
     <span class='ocr_line' id='line_1_37' title="bbox 243 2622 1885 2696; baseline -0.006 -19"><span class='ocrx_word' id='word_1_355' title='bbox 243 2647 352 2696; x_wconf 86' lang='lat' dir='ltr'>opus</span> <span class='ocrx_word' id='word_1_356' title='bbox 367 2630 552 2678; x_wconf 80' lang='lat' dir='ltr'>historiae</span> <span class='ocrx_word' id='word_1_357' title='bbox 567 2630 807 2680; x_wconf 87' lang='lat' dir='ltr'>universalis</span> <span class='ocrx_word' id='word_1_358' title='bbox 830 2628 1180 2693; x_wconf 86' lang='lat' dir='ltr'>componendum</span> <span class='ocrx_word' id='word_1_359' title='bbox 1204 2625 1446 2689; x_wconf 82' lang='lat' dir='ltr'>susceperit,</span> <span class='ocrx_word' id='word_1_360' title='bbox 1473 2623 1675 2689; x_wconf 82' lang='lat' dir='ltr'>atqueibi</span> <span class='ocrx_word' id='word_1_361' title='bbox 1698 2622 1747 2668; x_wconf 90' lang='lat' dir='ltr'>de</span> <span class='ocrx_word' id='word_1_362' title='bbox 1761 2622 1885 2668; x_wconf 86' lang='lat' dir='ltr'>utili-</span> 
     </span>
     <span class='ocr_line' id='line_1_38' title="bbox 246 2691 1883 2761; baseline -0.006 -16"><span class='ocrx_word' id='word_1_363' title='bbox 246 2696 528 2745; x_wconf 84' lang='lat' dir='ltr'>tatehistoriae</span> <span class='ocrx_word' id='word_1_364' title='bbox 547 2703 763 2756; x_wconf 54' lang='grc' dir='ltr'>κριθυλικῆς</span> <span class='ocrx_word' id='word_1_365' title='bbox 779 2693 1014 2751; x_wconf 55' lang='lat' dir='ltr'>disserit-„in</span> <span class='ocrx_word' id='word_1_366' title='bbox 1031 2695 1196 2761; x_wconf 83' lang='lat' dir='ltr'>ejusque</span> <span class='ocrx_word' id='word_1_367' title='bbox 1212 2694 1450 2758; x_wconf 74' lang='lat' dir='ltr'>praestantia</span> <span class='ocrx_word' id='word_1_368' title='bbox 1469 2691 1691 2760; x_wconf 80' lang='lat' dir='ltr'>fingularis</span> <span class='ocrx_word' id='word_1_369' title='bbox 1716 2691 1883 2757; x_wconf 82' lang='lat' dir='ltr'>imagi-</span> 
     </span>
     <span class='ocr_line' id='line_1_39' title="bbox 244 2758 1881 2832; baseline -0.005 -20"><span class='ocrx_word' id='word_1_370' title='bbox 244 2783 298 2812; x_wconf 91' lang='lat' dir='ltr'>ne</span> <span class='ocrx_word' id='word_1_371' title='bbox 323 2765 607 2829; x_wconf 87' lang='lat' dir='ltr'>pulcherrima</span> <span class='ocrx_word' id='word_1_372' title='bbox 636 2760 860 2832; x_wconf 75' lang='lat' dir='ltr'>ingeniose</span> <span class='ocrx_word' id='word_1_373' title='bbox 888 2762 1108 2828; x_wconf 84' lang='lat' dir='ltr'>probatur.</span> <span class='ocrx_word' id='word_1_374' title='bbox 1156 2763 1378 2810; x_wconf 83' lang='lat' dir='ltr'>Postremo</span> <span class='ocrx_word' id='word_1_375' title='bbox 1404 2758 1731 2824; x_wconf 83' lang='lat' dir='ltr'>Praeparationis</span> <span class='ocrx_word' id='word_1_376' title='bbox 1755 2759 1881 2821; x_wconf 80' lang='lat' dir='ltr'>ipuus</span> 
     </span>
     <span class='ocr_line' id='line_1_40' title="bbox 243 2822 1880 2897; baseline -0.006 -18"><span class='ocrx_word' id='word_1_377' title='bbox 243 2833 502 2897; x_wconf 83' lang='lat' dir='ltr'>principium</span> <span class='ocrx_word' id='word_1_378' title='bbox 519 2849 619 2878; x_wconf 88' lang='lat' dir='ltr'>cum</span> <span class='ocrx_word' id='word_1_379' title='bbox 637 2849 735 2878; x_wconf 84' lang='lat' dir='ltr'>cura</span> <span class='ocrx_word' id='word_1_380' title='bbox 747 2832 969 2879; x_wconf 80' lang='lat' dir='ltr'>indicatur.</span> <span class='ocrx_word' id='word_1_381' title='bbox 1025 2832 1099 2877; x_wconf 87' lang='lat' dir='ltr'>ubi</span> <span class='ocrx_word' id='word_1_382' title='bbox 1132 2832 1266 2877; x_wconf 84' lang='lat' dir='ltr'>etiam</span> <span class='ocrx_word' id='word_1_383' title='bbox 1289 2829 1337 2875; x_wconf 87' lang='lat' dir='ltr'>de</span> <span class='ocrx_word' id='word_1_384' title='bbox 1348 2829 1486 2892; x_wconf 82' lang='lat' dir='ltr'>capite</span> <span class='ocrx_word' id='word_1_385' title='bbox 1501 2822 1618 2872; x_wconf 67' lang='lat' dir='ltr'>reete</span> <span class='ocrx_word' id='word_1_386' title='bbox 1633 2823 1880 2893; x_wconf 84' lang='lat' dir='ltr'>affignando</span> 
     </span>
     <span class='ocr_line' id='line_1_41' title="bbox 240 2888 1921 2966; baseline -0.007 -19"><span class='ocrx_word' id='word_1_387' title='bbox 240 2901 281 2947; x_wconf 90' lang='lat' dir='ltr'>ei</span> <span class='ocrx_word' id='word_1_388' title='bbox 302 2898 486 2946; x_wconf 77' lang='lat' dir='ltr'>historia:</span> <span class='ocrx_word' id='word_1_389' title='bbox 508 2915 599 2966; x_wconf 80' lang='lat' dir='ltr'>qua:</span> <span class='ocrx_word' id='word_1_390' title='bbox 620 2901 785 2947; x_wconf 86' lang='lat' dir='ltr'>ratione</span> <span class='ocrx_word' id='word_1_391' title='bbox 798 2898 913 2948; x_wconf 68' lang='lat' dir='ltr'>recta</span> <span class='ocrx_word' id='word_1_392' title='bbox 946 2906 985 2946; x_wconf 71' lang='lat' dir='ltr'>St</span> <span class='ocrx_word' id='word_1_393' title='bbox 1003 2915 1103 2947; x_wconf 87' lang='lat' dir='ltr'>cum</span> <span class='ocrx_word' id='word_1_394' title='bbox 1127 2898 1288 2959; x_wconf 79' lang='lat' dir='ltr'>judicio</span> <span class='ocrx_word' id='word_1_395' title='bbox 1306 2897 1542 2945; x_wconf 85' lang='lat' dir='ltr'>instituitur</span> <span class='ocrx_word' id='word_1_396' title='bbox 1563 2888 1764 2960; x_wconf 67' lang='lat' dir='ltr'>praeclare</span> <span class='ocrx_word' id='word_1_397' title='bbox 1788 2889 1875 2937; x_wconf 87' lang='lat' dir='ltr'>dis·</span> <span class='ocrx_word' id='word_1_398' title='bbox 1920 2955 1921 2960; x_wconf 12' lang='grc'>1</span> 
     </span>
    </p>
   </div>
   <div class='ocr_carea' id='block_1_7' title="bbox 242 2981 1870 3084">
    <p class='ocr_par' dir='ltr' id='par_1_7' title="bbox 242 2981 1870 3084">
     <span class='ocr_line' id='line_1_42' title="bbox 242 2981 432 3035; baseline 0 -19"><span class='ocrx_word' id='word_1_399' title='bbox 242 2981 432 3035; x_wconf 77' lang='lat' dir='ltr'>putatur.</span> 
     </span>
     <span class='ocr_line' id='line_1_43' title="bbox 1659 3024 1870 3084; baseline -0.014 -11"><span class='ocrx_word' id='word_1_400' title='bbox 1659 3031 1695 3073; x_wconf 92' lang='grc' dir='ltr'>Ι.</span> <span class='ocrx_word' id='word_1_401' title='bbox 1728 3024 1870 3084; x_wconf 83' lang='lat' dir='ltr'><em>Histo-</em></span> 
     </span>
    </p>
   </div>
  </div>
 </body>
</html>
