1935 3458
549 117 1276 179 DnnchT1o.'
1696 140 1736 195 9

106 225 421 305 comprehensa
435 268 452 296 ‚
473 224 619 302 vestra
632 221 866 299 majestati
879 217 1103 297 offerenda
1116 220 1272 274 curavi
1286 242 1302 286 3
1316 232 1367 272 ut
1369 214 1515 290 facile
1530 217 1578 275 in
1594 218 1651 274 iis
1661 220 1737 274 in-

95 313 305 390 spiciatis
326 330 418 384 qux
444 308 562 367 vobio
594 308 665 362 vel
682 306 911 361 imitanda
915 301 1035 377 stin,
1066 303 1137 358 vel
1157 301 1375 356 cavenda.
1418 304 1633 360 Maxime
1646 319 1743 358 au..

104 410 201 453 tem
232 393 490 469 Trajanum
515 389 576 448 ἔθ’
604 385 891 462 Theodosium
905 385 1106 461 suggero
1134 382 1527 456 contemplandos3
1553 385 1662 456 quia
1675 402 1737 440 ex

105 495 259 532 eorum
275 476 444 532 adibus
471 472 618 527 multa
641 471 873 543 utiliffime
891 469 1096 540 poteritis
1118 468 1183 522 ad
1196 464 1472 520 imitandum
1499 465 1740 538 affumere.

108 554 144 614 ὂ
165 558 387 613 divinum
402 548 599 637 prorsus
613 543 948 608 inventumlo
967 548 1080 606 vitae
1097 562 1286 605 certam
1301 545 1739 626 magistramlquae

103 639 277 715 juveni
303 635 570 693 senectutis
598 633 720 690 illud
745 633 949 690 unicum
975 629 1168 687 bouum
1190 672 1206 698 ‚
1233 627 1552 708 prudentiam
1570 673 1584 693 ,
1611 648 1741 685 con-

105 721 202 777 fert
219 744 234 789 ;
254 738 346 775 nec
362 735 535 775 tamen
551 719 580 775 ὲ
595 732 700 772 tam
718 715 890 772 multis
907 714 1068 770 aetatis
1084 715 1228 769 malae
1250 711 1594 768 incommodis
1611 756 1630 780 ‚
1656 712 1741 766 ul·-

99 804 203 859 lum
216 799 384 857 secum
398 798 580 857 adfert.
600 821 711 880 quae
727 797 1153 878 peregrinationis
1170 793 1446 851 commoda
1460 793 1700 850 conciliat
1716 817 1735 870 3

101 903 271 940 mores
297 884 528 964 gentium
549 929 567 955 ‚
593 883 864 962 regionum
893 878 1007 935 situs
1024 925 1037 945 ,
1063 879 1475 957 opportunitates
1502 877 1735 933 locorum

101 966 254 1022 docet
271 989 285 1034 3
305 986 547 1022 aerumnas
571 982 744 1020 tamen
761 962 1187 1043 peregrinationis
1201 958 1424 1017 detrahit
1441 982 1456 1027 3
1481 961 1737 1038 periculo-

100 1068 212 1105 tuin
231 1053 284 1104 δέ
304 1049 454 1103 animi
476 1057 527 1108 &
547 1048 776 1126 corporis
792 1045 1008 1124 gratiam
1025 1040 1163 1099 facit.
1189 1064 1299 1123 qua:
1317 1040 1523 1099 scientia
1539 1043 1732 1100 milita-

95 1131 160 1187 ris
177 1129 448 1210 disciplinae
467 1153 569 1188 non
587 1126 847 1212 perfundit
864 1171 879 1195 ‚
903 1125 987 1183 sed
1006 1126 1188 1181 imbuit
1203 1150 1218 1195 ς
1236 1125 1429 1182 militiae
1447 1141 1620 1182 tamen
1646 1147 1736 1182 va-

97 1215 356 1270 cationem
382 1218 433 1268 &
465 1213 736 1271 honestam
764 1210 1058 1267 mistionem
1097 1210 1342 1288 indulget.
1391 1209 1534 1289 Qd
1564 1207 1731 1266 verbis

95 1299 257 1375 opus?
293 1295 518 1353 Historia
534 1296 865 1375 posteaquam
880 1311 935 1348 ut
950 1313 1134 1373 magna
1149 1291 1395 1372 poffimus
1410 1292 1584 1347 conari
1602 1311 1735 1369 prae-

94 1378 239 1447 stitit,
254 1377 449 1457 praestat
465 1381 620 1435 etiam
639 1395 692 1435 ut
713 1378 941 1434 velimus.
970 1380 1112 1432 Nam
1129 1376 1266 1455 quod
1283 1371 1632 1432 disertissimus
1648 1374 1736 1433 ille

97 1463 313 1521 Romuli
338 1479 584 1539 nepotum
610 1501 627 1528 ,
658 1462 846 1540 alijque
872 1476 1102 1517 veterum
1120 1502 1135 1528 ,
1165 1456 1448 1515 Historiam
1474 1455 1733 1535 speculum

95 1546 354 1601 achonum
374 1545 703 1601 humanarum
721 1545 1038 1623 appellarunt
1054 1566 1068 1611 3
1087 1543 1226 1600 recte
1239 1542 1311 1597 illi
1325 1539 1531 1621 quidem
1551 1563 1566 1608 3
1592 1536 1663 1595 est
1678 1560 1735 1597 e·-

94 1628 202 1684 nim
224 1647 423 1685 revera:
444 1627 526 1683 sed
554 1628 626 1684 vis
645 1645 933 1705 naturaeque
957 1625 1087 1682 illius
1105 1625 1242 1705 quod
1268 1642 1374 1680 erat
1391 1623 1697 1702 praecipuum
1713 1661 1732 1688 ,

95 1708 196 1765 hoc
213 1709 371 1766 simile
386 1708 685 1765 dissimulat:
717 1729 881 1788 neque
905 1709 1044 1764 enim
1067 1709 1348 1787 imaginem
1364 1707 1631 1764 dumtaxat
1656 1705 1736 1761 di·-

94 1794 295 1848 ctorum
317 1789 670 1871 factorumque
688 1790 931 1870 exprimit
949 1815 964 1860 ς
983 1787 1164 1847 verum
1189 1790 1288 1846 hoc
1303 1790 1538 1868 amplum,
1554 1806 1735 1844 arcana

89 1875 306 1956 quadam
326 1877 539 1932 Naturae
562 1876 696 1956 lege,
711 1872 1180 1954 spectatorezdistu
1198 1871 1448 1928 mirabile!
1465 1872 1518 1929 in
1533 1870 1733 1928 aciores

92 1955 501 2032 transformat‚&
519 1951 649 2015 faCta
665 1957 869 2038 gemina
885 1955 942 2010 iis
965 1976 1083 2035 quae
1098 1953 1449 2012 admirabundi
1465 1971 1733 2032 cognove-

94 2042 196 2098 rint
217 2088 232 2116 ‚
263 2042 417 2100 elicit.
444 2041 515 2098 est
543 2042 697 2121 igitur
719 2037 947 2099 Historia
967 2082 984 2108 ‚
1013 2035 1271 2117 speculum
1288 2037 1503 2117 quidem
1523 2079 1540 2105 ‚
1556 2032 1639 2091 sed
1656 2034 1734 2092 vi-

95 2145 215 2183 vum
237 2139 384 2203 atque
410 2124 621 2198 ardens3
652 2126 789 2199 cujus
817 2119 1117 2197 opposituin
1133 2121 1314 2177 animis
1332 2117 1695 2199 generosorum
1712 2154 1729 2183 ,

96 2207 235 2286 quod
268 2208 634 2291 QMaximus
652 2255 664 2274 ,
699 2216 750 2266 &
776 2212 836 2262 Ρ.
863 2205 1039 2282 Scipio
1057 2204 1123 2260 de
1150 2202 1201 2259 se
1224 2200 1519 2261 solitifateri
1536 2243 1553 2270 ,
1581 2199 1731 2258 flam-

98 2309 182 2345 ma
198 2290 536 2347 aemulationis
555 2289 874 2346 accenditur:
896 2303 949 2341 ut
962 2284 1244 2365 plurimum
1267 2284 1426 2344 caussa
1440 2305 1556 2341 vera
1571 2321 1587 2348 ,
1611 2279 1730 2341 fons

97 2376 151 2428 8:
170 2372 317 2453 origo
347 2369 630 2430 facinorum
647 2373 879 2428 omnium
906 2370 1051 2430 laude
1077 2368 1368 2450 dignorum.
1407 2370 1553 2427 Nam
1570 2385 1729 2444 quum

92 2454 273 2510 nullius
292 2476 394 2511 non
421 2454 644 2513 honestae
661 2456 733 2512 rei
759 2453 950 2511 semina
967 2452 1123 2508 animi
1149 2467 1328 2534 gerant
1352 2472 1364 2506 t
1383 2450 1485 2508 hoc
1499 2446 1636 2528 quasi
1648 2445 1730 2505 fo-

95 2536 226 2592 mite
258 2537 531 2595 efficaciter
553 2539 831 2596 incitantur
849 2561 864 2606 3
884 2556 990 2592 non
1015 2536 1158 2592 aliter
1185 2537 1344 2614 quam
1372 2534 1591 2590 scintilla
1604 2529 1730 2587 flatu

93 2618 601 2701 leviadiuta‚ignem
630 2621 770 2679 suum
797 2619 1048 2703 explicat.
1095 2621 1313 2676 Dodirina
1325 2617 1391 2696 fic
1410 2619 1505 2674 vim
1514 2629 1730 2691 prorogat

92 2700 273 2776 iay-sitam
290 2724 303 2758 :
323 2705 529 2778 Reflique
549 2707 695 2761 cultus
703 2710 881 2781 pec‘bora
898 2702 1129 2760 roborant.
1170 2703 1419 2780 Legimus
1437 2699 1490 2755 in
1507 2697 1730 2756 Annali-

89 2781 182 2839 bus
201 2827 217 2850 ‚
238 2786 547 2842 Gratianum
566 2788 848 2866 Augustum
863 2786 1113 2866 praeclarae
1129 2786 1312 2843 indolis
1327 2780 1732 2845 adolescentem,

91 2870 145 2921 ἃ,
164 2867 460 2924 bellicosum
482 2910 498 2935 ‚
528 2871 591 2924 ad
614 2870 1185 2927 aemulationemlectorum
1207 2868 1573 2945 progredientem
1598 2865 1728 2937 prin-

87 2953 233 3026 cigtrmz
259 2948 409 3009 decus
431 2948 523 3010 fibi
548 2971 604 3009 ac
620 2953 838 3035 gloriam
867 2972 973 3010 non
1001 2951 1320 3013 mediocrem
1342 2942 1605 3032 peperisse.
1653 2948 1729 2999 At

956 3054 983 3092 a
1032 3051 1056 3112 5
1620 3045 1727 3086 noa
