<?xml version="1.0" encoding="UTF-8"?>
<!DOCTYPE html PUBLIC "-//W3C//DTD XHTML 1.0 Transitional//EN"
    "http://www.w3.org/TR/xhtml1/DTD/xhtml1-transitional.dtd">
<html xmlns="http://www.w3.org/1999/xhtml" xml:lang="en" lang="en">
 <head>
  <title>
</title>
<meta http-equiv="Content-Type" content="text/html;charset=utf-8" />
  <meta name='ocr-system' content='tesseract 3.04.00' />
  <meta name='ocr-capabilities' content='ocr_page ocr_carea ocr_par ocr_line ocrx_word'/>
</head>
<body>
  <div class='ocr_page' id='page_1' title='image "./polybioutoulykor03poly_0051.png"; bbox 0 0 1935 3458; ppageno 0'>
   <div class='ocr_carea' id='block_1_1' title="bbox 517 77 1795 158">
    <p class='ocr_par' dir='ltr' id='par_1_1' title="bbox 517 77 1795 158">
     <span class='ocr_line' id='line_1_1' title="bbox 517 77 1795 158; baseline -0.002 -21"><span class='ocrx_word' id='word_1_1' title='bbox 517 77 1253 138; x_wconf 63' lang='lat' dir='ltr'>Dente-artro-</span> <span class='ocrx_word' id='word_1_2' title='bbox 1622 84 1795 158; x_wconf 46' lang='lat'>45*</span> 
     </span>
    </p>
   </div>
   <div class='ocr_carea' id='block_1_2' title="bbox 0 170 1712 2975">
    <p class='ocr_par' dir='ltr' id='par_1_2' title="bbox 0 170 1712 2975">
     <span class='ocr_line' id='line_1_2' title="bbox 68 170 1709 252; baseline -0.002 -11"><span class='ocrx_word' id='word_1_3' title='bbox 68 200 162 242; x_wconf 86' lang='lat' dir='ltr'>nus</span> <span class='ocrx_word' id='word_1_4' title='bbox 175 192 462 238; x_wconf 85' lang='lat' dir='ltr'>accuratam</span> <span class='ocrx_word' id='word_1_5' title='bbox 479 178 751 234; x_wconf 82' lang='lat' dir='ltr'>verborum</span> <span class='ocrx_word' id='word_1_6' title='bbox 767 170 1307 252; x_wconf 73' lang='lat' dir='ltr'><strong>comprehensionem,</strong></span> <span class='ocrx_word' id='word_1_7' title='bbox 1327 190 1526 234; x_wconf 85' lang='lat' dir='ltr'>tantum</span> <span class='ocrx_word' id='word_1_8' title='bbox 1541 177 1709 238; x_wconf 87' lang='lat' dir='ltr'>virum</span> 
     </span>
     <span class='ocr_line' id='line_1_3' title="bbox 0 255 1712 344; baseline -0.001 -23"><span class='ocrx_word' id='word_1_9' title='bbox 0 282 1 302; x_wconf 64' lang='lat'>¹</span> <span class='ocrx_word' id='word_1_10' title='bbox 66 263 339 344; x_wconf 84' lang='lat' dir='ltr'>impolitiae</span> <span class='ocrx_word' id='word_1_11' title='bbox 356 279 533 318; x_wconf 87' lang='lat' dir='ltr'>notare</span> <span class='ocrx_word' id='word_1_12' title='bbox 549 258 826 315; x_wconf 86' lang='lat' dir='ltr'>sustineret.</span> <span class='ocrx_word' id='word_1_13' title='bbox 844 256 983 328; x_wconf 87' lang='lat' dir='ltr'>cujus</span> <span class='ocrx_word' id='word_1_14' title='bbox 1003 255 1192 312; x_wconf 89' lang='lat' dir='ltr'>Critici</span> <span class='ocrx_word' id='word_1_15' title='bbox 1208 256 1393 334; x_wconf 77' lang='lat' dir='ltr'>putidae</span> <span class='ocrx_word' id='word_1_16' title='bbox 1412 260 1712 329; x_wconf 73' lang='lat' dir='ltr'>morositati,</span> 
     </span>
     <span class='ocr_line' id='line_1_4' title="bbox 68 334 1711 423; baseline 0 -21"><span class='ocrx_word' id='word_1_17' title='bbox 68 345 134 404; x_wconf 85' lang='lat' dir='ltr'>fic</span> <span class='ocrx_word' id='word_1_18' title='bbox 164 346 280 402; x_wconf 83' lang='lat' dir='ltr'>alibi</span> <span class='ocrx_word' id='word_1_19' title='bbox 298 341 647 423; x_wconf 70' lang='lat' dir='ltr'>respondimus</span> <span class='ocrx_word' id='word_1_20' title='bbox 663 385 679 406; x_wconf 91' lang='lat'><strong>,</strong></span> <span class='ocrx_word' id='word_1_21' title='bbox 716 355 769 394; x_wconf 91' lang='lat' dir='ltr'>ut</span> <span class='ocrx_word' id='word_1_22' title='bbox 783 338 938 415; x_wconf 86' lang='lat' dir='ltr'>aequis</span> <span class='ocrx_word' id='word_1_23' title='bbox 955 334 1203 411; x_wconf 82' lang='lat' dir='ltr'>judicibus</span> <span class='ocrx_word' id='word_1_24' title='bbox 1221 336 1448 394; x_wconf 86' lang='lat' dir='ltr'>nostru-m</span> <span class='ocrx_word' id='word_1_25' title='bbox 1463 342 1711 409; x_wconf 87' lang='lat' dir='ltr'>judicium</span> 
     </span>
     <span class='ocr_line' id='line_1_5' title="bbox 66 419 1709 508; baseline -0.002 -24"><span class='ocrx_word' id='word_1_26' title='bbox 66 430 343 508; x_wconf 78' lang='lat' dir='ltr'>probatum</span> <span class='ocrx_word' id='word_1_27' title='bbox 359 428 421 481; x_wconf 84' lang='lat' dir='ltr'>iri</span> <span class='ocrx_word' id='word_1_28' title='bbox 437 419 775 480; x_wconf 79' lang='lat' dir='ltr'>confidamuS.</span> <span class='ocrx_word' id='word_1_29' title='bbox 822 423 1015 497; x_wconf 83' lang='lat' dir='ltr'>Neque</span> <span class='ocrx_word' id='word_1_30' title='bbox 1030 436 1206 474; x_wconf 88' lang='lat' dir='ltr'>tamen</span> <span class='ocrx_word' id='word_1_31' title='bbox 1225 439 1424 491; x_wconf 68' lang='lat' dir='ltr'>natvm,</span> <span class='ocrx_word' id='word_1_32' title='bbox 1442 421 1475 476; x_wconf 78' lang='lat' dir='ltr'>si</span> <span class='ocrx_word' id='word_1_33' title='bbox 1493 425 1580 502; x_wconf 83' lang='lat' dir='ltr'>qui</span> <span class='ocrx_word' id='word_1_34' title='bbox 1595 426 1709 484; x_wconf 85' lang='lat' dir='ltr'>sunt</span> 
     </span>
     <span class='ocr_line' id='line_1_6' title="bbox 66 498 1708 588; baseline -0.002 -20"><span class='ocrx_word' id='word_1_35' title='bbox 66 513 118 568; x_wconf 87' lang='lat' dir='ltr'>in</span> <span class='ocrx_word' id='word_1_36' title='bbox 137 513 237 567; x_wconf 88' lang='lat' dir='ltr'>hoc</span> <span class='ocrx_word' id='word_1_37' title='bbox 256 505 599 588; x_wconf 85' lang='lat' dir='ltr'>pulcherrimo</span> <span class='ocrx_word' id='word_1_38' title='bbox 614 522 856 580; x_wconf 85' lang='lat' dir='ltr'>corpore,</span> <span class='ocrx_word' id='word_1_39' title='bbox 877 498 1315 560; x_wconf 74' lang='lat' dir='ltr'>dissimulavimus,</span> <span class='ocrx_word' id='word_1_40' title='bbox 1335 523 1450 559; x_wconf 83' lang='lat' dir='ltr'>nam</span> <span class='ocrx_word' id='word_1_41' title='bbox 1467 506 1708 583; x_wconf 85' lang='lat' dir='ltr'>equidem</span> 
     </span>
     <span class='ocr_line' id='line_1_7' title="bbox 69 582 1712 668; baseline -0.004 -18"><span class='ocrx_word' id='word_1_42' title='bbox 69 591 193 650; x_wconf 86' lang='lat' dir='ltr'>ficut</span> <span class='ocrx_word' id='word_1_43' title='bbox 208 613 293 646; x_wconf 89' lang='lat' dir='ltr'>eos</span> <span class='ocrx_word' id='word_1_44' title='bbox 310 590 394 668; x_wconf 87' lang='lat' dir='ltr'>qui</span> <span class='ocrx_word' id='word_1_45' title='bbox 412 588 633 664; x_wconf 80' lang='lat' dir='ltr'>maligne</span> <span class='ocrx_word' id='word_1_46' title='bbox 648 582 829 664; x_wconf 84' lang='lat' dir='ltr'>scripta</span> <span class='ocrx_word' id='word_1_47' title='bbox 846 583 1007 639; x_wconf 85' lang='lat' dir='ltr'>aliena</span> <span class='ocrx_word' id='word_1_48' title='bbox 1024 585 1265 653; x_wconf 60' lang='lat' dir='ltr'>traciam,</span> <span class='ocrx_word' id='word_1_49' title='bbox 1291 583 1528 642; x_wconf 89' lang='lat' dir='ltr'>scelestos</span> <span class='ocrx_word' id='word_1_50' title='bbox 1544 593 1594 643; x_wconf 91' lang='lat'>&amp;</span> <span class='ocrx_word' id='word_1_51' title='bbox 1617 611 1712 666; x_wconf 87' lang='lat' dir='ltr'>pu-</span> 
     </span>
     <span class='ocr_line' id='line_1_8' title="bbox 68 663 1711 748; baseline -0.003 -16"><span class='ocrx_word' id='word_1_52' title='bbox 68 675 202 733; x_wconf 92' lang='lat' dir='ltr'>blica</span> <span class='ocrx_word' id='word_1_53' title='bbox 216 674 446 728; x_wconf 85' lang='lat' dir='ltr'>omnium</span> <span class='ocrx_word' id='word_1_54' title='bbox 461 667 809 724; x_wconf 78' lang='lat' dir='ltr'>exsecratione</span> <span class='ocrx_word' id='word_1_55' title='bbox 828 663 1151 746; x_wconf 81' lang='lat' dir='ltr'>digniffimos</span> <span class='ocrx_word' id='word_1_56' title='bbox 1169 664 1354 723; x_wconf 91' lang='lat' dir='ltr'>censeo</span> <span class='ocrx_word' id='word_1_57' title='bbox 1370 693 1385 738; x_wconf 81' lang='lat'><em>3</em></span> <span class='ocrx_word' id='word_1_58' title='bbox 1418 669 1486 724; x_wconf 88' lang='lat' dir='ltr'>ita</span> <span class='ocrx_word' id='word_1_59' title='bbox 1499 672 1585 748; x_wconf 85' lang='lat' dir='ltr'>qui</span> <span class='ocrx_word' id='word_1_60' title='bbox 1603 670 1711 728; x_wconf 79' lang='lat' dir='ltr'>fine</span> 
     </span>
     <span class='ocr_line' id='line_1_9' title="bbox 68 746 1706 829; baseline -0.002 -17"><span class='ocrx_word' id='word_1_61' title='bbox 68 776 186 812; x_wconf 86' lang='lat' dir='ltr'>cura</span> <span class='ocrx_word' id='word_1_62' title='bbox 198 751 498 809; x_wconf 85' lang='lat' dir='ltr'>discriminis</span> <span class='ocrx_word' id='word_1_63' title='bbox 516 750 689 805; x_wconf 88' lang='lat' dir='ltr'>omnia</span> <span class='ocrx_word' id='word_1_64' title='bbox 703 749 890 829; x_wconf 86' lang='lat' dir='ltr'>pariter</span> <span class='ocrx_word' id='word_1_65' title='bbox 903 748 1130 816; x_wconf 85' lang='lat' dir='ltr'>laudant,</span> <span class='ocrx_word' id='word_1_66' title='bbox 1148 746 1250 806; x_wconf 82' lang='lat' dir='ltr'>sine</span> <span class='ocrx_word' id='word_1_67' title='bbox 1265 750 1456 825; x_wconf 87' lang='lat' dir='ltr'>judicio</span> <span class='ocrx_word' id='word_1_68' title='bbox 1471 753 1522 806; x_wconf 93' lang='lat' dir='ltr'>in</span> <span class='ocrx_word' id='word_1_69' title='bbox 1539 753 1706 809; x_wconf 84' lang='lat' dir='ltr'>literis</span> 
     </span>
     <span class='ocr_line' id='line_1_10' title="bbox 68 828 1708 910; baseline -0.002 -16"><span class='ocrx_word' id='word_1_70' title='bbox 68 834 275 901; x_wconf 86' lang='lat' dir='ltr'>versari,</span> <span class='ocrx_word' id='word_1_71' title='bbox 292 839 342 890; x_wconf 89' lang='lat'>&amp;</span> <span class='ocrx_word' id='word_1_72' title='bbox 361 835 444 889; x_wconf 88' lang='lat' dir='ltr'>illa</span> <span class='ocrx_word' id='word_1_73' title='bbox 458 831 558 910; x_wconf 85' lang='lat' dir='ltr'>ipsa</span> <span class='ocrx_word' id='word_1_74' title='bbox 574 852 683 910; x_wconf 82' lang='lat' dir='ltr'>quae</span> <span class='ocrx_word' id='word_1_75' title='bbox 700 830 903 889; x_wconf 84' lang='lat' dir='ltr'>laudant</span> <span class='ocrx_word' id='word_1_76' title='bbox 919 873 936 899; x_wconf 88' lang='lat'><strong>,</strong></span> <span class='ocrx_word' id='word_1_77' title='bbox 966 850 1053 886; x_wconf 89' lang='lat' dir='ltr'>cur</span> <span class='ocrx_word' id='word_1_78' title='bbox 1068 828 1162 886; x_wconf 88' lang='lat' dir='ltr'>sint</span> <span class='ocrx_word' id='word_1_79' title='bbox 1175 832 1416 889; x_wconf 88' lang='lat' dir='ltr'>laudanda</span> <span class='ocrx_word' id='word_1_80' title='bbox 1430 854 1536 891; x_wconf 89' lang='lat' dir='ltr'>non</span> <span class='ocrx_word' id='word_1_81' title='bbox 1553 835 1708 891; x_wconf 89' lang='lat' dir='ltr'>intel-</span> 
     </span>
     <span class='ocr_line' id='line_1_11' title="bbox 65 911 1707 998; baseline 0.001 -25"><span class='ocrx_word' id='word_1_82' title='bbox 65 920 224 998; x_wconf 84' lang='lat' dir='ltr'>ligere</span> <span class='ocrx_word' id='word_1_83' title='bbox 245 960 260 987; x_wconf 89' lang='lat'>,</span> <span class='ocrx_word' id='word_1_84' title='bbox 289 913 569 995; x_wconf 85' lang='lat' dir='ltr'>persuasum</span> <span class='ocrx_word' id='word_1_85' title='bbox 585 915 772 975; x_wconf 82' lang='lat' dir='ltr'>habeo,</span> <span class='ocrx_word' id='word_1_86' title='bbox 821 916 889 971; x_wconf 85' lang='lat' dir='ltr'>Et</span> <span class='ocrx_word' id='word_1_87' title='bbox 919 911 1011 968; x_wconf 83' lang='lat' dir='ltr'>fuit</span> <span class='ocrx_word' id='word_1_88' title='bbox 1028 913 1234 992; x_wconf 88' lang='lat' dir='ltr'>quidem</span> <span class='ocrx_word' id='word_1_89' title='bbox 1249 912 1508 971; x_wconf 85' lang='lat' dir='ltr'>felicitatis</span> <span class='ocrx_word' id='word_1_90' title='bbox 1524 918 1707 996; x_wconf 86' lang='lat' dir='ltr'>populi</span> 
     </span>
     <span class='ocr_line' id='line_1_12' title="bbox 63 992 1704 1078; baseline 0.002 -23"><span class='ocrx_word' id='word_1_91' title='bbox 63 1002 296 1060; x_wconf 86' lang='lat' dir='ltr'>Romani</span> <span class='ocrx_word' id='word_1_92' title='bbox 324 1019 434 1077; x_wconf 86' lang='lat' dir='ltr'>pars</span> <span class='ocrx_word' id='word_1_93' title='bbox 452 1017 558 1053; x_wconf 92' lang='lat' dir='ltr'>non</span> <span class='ocrx_word' id='word_1_94' title='bbox 586 997 889 1076; x_wconf 83' lang='lat' dir='ltr'>poenitenda</span> <span class='ocrx_word' id='word_1_95' title='bbox 903 1032 918 1060; x_wconf 89' lang='lat'>‚</span> <span class='ocrx_word' id='word_1_96' title='bbox 948 992 1268 1076; x_wconf 84' lang='lat' dir='ltr'>sempiternae</span> <span class='ocrx_word' id='word_1_97' title='bbox 1295 997 1469 1077; x_wconf 65' lang='lat' dir='ltr'>gloriae</span> <span class='ocrx_word' id='word_1_98' title='bbox 1484 1018 1704 1078; x_wconf 86' lang='lat' dir='ltr'>pereum</span> 
     </span>
     <span class='ocr_line' id='line_1_13' title="bbox 63 1077 1705 1160; baseline 0 -20"><span class='ocrx_word' id='word_1_99' title='bbox 63 1083 227 1140; x_wconf 89' lang='lat' dir='ltr'>virum</span> <span class='ocrx_word' id='word_1_100' title='bbox 246 1078 385 1138; x_wconf 77' lang='lat' dir='ltr'>fuifl&#39;e</span> <span class='ocrx_word' id='word_1_101' title='bbox 400 1080 817 1136; x_wconf 86' lang='lat' dir='ltr'>commendatum</span> <span class='ocrx_word' id='word_1_102' title='bbox 833 1116 848 1143; x_wconf 93' lang='lat'>,</span> <span class='ocrx_word' id='word_1_103' title='bbox 884 1078 974 1158; x_wconf 89' lang='lat' dir='ltr'>qui</span> <span class='ocrx_word' id='word_1_104' title='bbox 986 1077 1091 1159; x_wconf 89' lang='lat' dir='ltr'>ipse</span> <span class='ocrx_word' id='word_1_105' title='bbox 1102 1099 1308 1160; x_wconf 89' lang='lat' dir='ltr'>quoque</span> <span class='ocrx_word' id='word_1_106' title='bbox 1321 1080 1373 1135; x_wconf 92' lang='lat' dir='ltr'>in</span> <span class='ocrx_word' id='word_1_107' title='bbox 1387 1101 1450 1137; x_wconf 91' lang='lat' dir='ltr'>eo</span> <span class='ocrx_word' id='word_1_108' title='bbox 1465 1085 1705 1140; x_wconf 90' lang='lat' dir='ltr'>ornando</span> 
     </span>
     <span class='ocr_line' id='line_1_14' title="bbox 63 1158 1705 1245; baseline 0.002 -26"><span class='ocrx_word' id='word_1_109' title='bbox 63 1165 322 1245; x_wconf 82' lang='lat' dir='ltr'>propriam</span> <span class='ocrx_word' id='word_1_110' title='bbox 343 1162 538 1241; x_wconf 84' lang='lat' dir='ltr'>ingenii</span> <span class='ocrx_word' id='word_1_111' title='bbox 554 1161 773 1241; x_wconf 78' lang='lat' dir='ltr'>gloriam</span> <span class='ocrx_word' id='word_1_112' title='bbox 789 1177 898 1217; x_wconf 87' lang='lat' dir='ltr'>erat</span> <span class='ocrx_word' id='word_1_113' title='bbox 912 1158 1298 1220; x_wconf 87' lang='lat' dir='ltr'>consecuturus:</span> <span class='ocrx_word' id='word_1_114' title='bbox 1327 1159 1412 1220; x_wconf 91' lang='lat' dir='ltr'>sed</span> <span class='ocrx_word' id='word_1_115' title='bbox 1427 1168 1479 1220; x_wconf 72' lang='grc' dir='ltr'>δε</span> <span class='ocrx_word' id='word_1_116' title='bbox 1500 1166 1705 1243; x_wconf 84' lang='lat' dir='ltr'>Polybii</span> 
     </span>
     <span class='ocr_line' id='line_1_15' title="bbox 62 1240 1704 1326; baseline 0.002 -23"><span class='ocrx_word' id='word_1_117' title='bbox 62 1267 248 1326; x_wconf 84' lang='lat' dir='ltr'>magna</span> <span class='ocrx_word' id='word_1_118' title='bbox 263 1244 460 1324; x_wconf 86' lang='lat' dir='ltr'>prorsus</span> <span class='ocrx_word' id='word_1_119' title='bbox 476 1245 647 1301; x_wconf 85' lang='lat' dir='ltr'>extitit</span> <span class='ocrx_word' id='word_1_120' title='bbox 660 1240 901 1312; x_wconf 73' lang='lat' dir='ltr'>felicitaS,</span> <span class='ocrx_word' id='word_1_121' title='bbox 918 1242 971 1301; x_wconf 92' lang='lat' dir='ltr'>in</span> <span class='ocrx_word' id='word_1_122' title='bbox 984 1262 1042 1300; x_wconf 87' lang='lat' dir='ltr'>ea</span> <span class='ocrx_word' id='word_1_123' title='bbox 1058 1259 1295 1323; x_wconf 87' lang='lat' dir='ltr'>tempora</span> <span class='ocrx_word' id='word_1_124' title='bbox 1308 1244 1535 1304; x_wconf 71' lang='lat' dir='ltr'>incidisse</span> <span class='ocrx_word' id='word_1_125' title='bbox 1552 1291 1568 1317; x_wconf 89' lang='lat'><strong>,</strong></span> <span class='ocrx_word' id='word_1_126' title='bbox 1587 1269 1704 1326; x_wconf 80' lang='lat' dir='ltr'>quae</span> 
     </span>
     <span class='ocr_line' id='line_1_16' title="bbox 60 1324 1706 1407; baseline -0.001 -20"><span class='ocrx_word' id='word_1_127' title='bbox 60 1330 328 1387; x_wconf 86' lang='lat' dir='ltr'>materiam</span> <span class='ocrx_word' id='word_1_128' title='bbox 352 1325 703 1407; x_wconf 79' lang='lat' dir='ltr'>digniffimam</span> <span class='ocrx_word' id='word_1_129' title='bbox 729 1324 969 1382; x_wconf 84' lang='lat' dir='ltr'>facultate</span> <span class='ocrx_word' id='word_1_130' title='bbox 996 1333 1050 1385; x_wconf 82' lang='lat'>&amp;</span> <span class='ocrx_word' id='word_1_131' title='bbox 1072 1328 1223 1404; x_wconf 90' lang='lat' dir='ltr'>copia</span> <span class='ocrx_word' id='word_1_132' title='bbox 1238 1326 1318 1383; x_wconf 79' lang='lat' dir='ltr'>sua</span> <span class='ocrx_word' id='word_1_133' title='bbox 1350 1327 1438 1406; x_wconf 79' lang='lat' dir='ltr'>ipsi</span> <span class='ocrx_word' id='word_1_134' title='bbox 1456 1329 1706 1386; x_wconf 87' lang='lat' dir='ltr'>submini-</span> 
     </span>
     <span class='ocr_line' id='line_1_17' title="bbox 62 1406 1703 1490; baseline 0 -22"><span class='ocrx_word' id='word_1_135' title='bbox 62 1410 306 1469; x_wconf 89' lang='lat' dir='ltr'>strabant.</span> <span class='ocrx_word' id='word_1_136' title='bbox 353 1411 550 1468; x_wconf 87' lang='lat' dir='ltr'>Scitum</span> <span class='ocrx_word' id='word_1_137' title='bbox 580 1425 724 1468; x_wconf 87' lang='lat' dir='ltr'>vetus</span> <span class='ocrx_word' id='word_1_138' title='bbox 755 1406 826 1464; x_wconf 90' lang='lat' dir='ltr'>est</span> <span class='ocrx_word' id='word_1_139' title='bbox 845 1431 862 1477; x_wconf 99' lang='lat'><em>3</em></span> <span class='ocrx_word' id='word_1_140' title='bbox 898 1408 1135 1465; x_wconf 89' lang='lat' dir='ltr'>omnium</span> <span class='ocrx_word' id='word_1_141' title='bbox 1165 1409 1503 1490; x_wconf 88' lang='lat' dir='ltr'>imperiorum</span> <span class='ocrx_word' id='word_1_142' title='bbox 1521 1449 1536 1476; x_wconf 91' lang='lat'>‚</span> <span class='ocrx_word' id='word_1_143' title='bbox 1575 1410 1703 1468; x_wconf 87' lang='lat' dir='ltr'>ficut</span> 
     </span>
     <span class='ocr_line' id='line_1_18' title="bbox 61 1486 1705 1573; baseline 0.002 -25"><span class='ocrx_word' id='word_1_144' title='bbox 61 1511 360 1550; x_wconf 69' lang='lat' dir='ltr'>caeterarum</span> <span class='ocrx_word' id='word_1_145' title='bbox 387 1511 555 1547; x_wconf 89' lang='lat' dir='ltr'>rerum</span> <span class='ocrx_word' id='word_1_146' title='bbox 582 1494 922 1548; x_wconf 87' lang='lat' dir='ltr'>humanarum</span> <span class='ocrx_word' id='word_1_147' title='bbox 952 1491 1045 1547; x_wconf 87' lang='lat' dir='ltr'>tria</span> <span class='ocrx_word' id='word_1_148' title='bbox 1062 1486 1159 1548; x_wconf 82' lang='lat' dir='ltr'>effe</span> <span class='ocrx_word' id='word_1_149' title='bbox 1173 1508 1407 1572; x_wconf 89' lang='lat' dir='ltr'>tempora</span> <span class='ocrx_word' id='word_1_150' title='bbox 1427 1518 1444 1564; x_wconf 92' lang='lat'><em>3</em></span> <span class='ocrx_word' id='word_1_151' title='bbox 1480 1495 1705 1573; x_wconf 86' lang='lat' dir='ltr'>primor-</span> 
     </span>
     <span class='ocr_line' id='line_1_19' title="bbox 61 1572 1697 1643; baseline 0.002 -13"><span class='ocrx_word' id='word_1_152' title='bbox 61 1574 205 1630; x_wconf 87' lang='lat' dir='ltr'>dium</span> <span class='ocrx_word' id='word_1_153' title='bbox 220 1617 236 1642; x_wconf 94' lang='lat'><strong>,</strong></span> <span class='ocrx_word' id='word_1_154' title='bbox 270 1573 520 1632; x_wconf 89' lang='lat' dir='ltr'>summam</span> <span class='ocrx_word' id='word_1_155' title='bbox 543 1573 849 1628; x_wconf 88' lang='lat' dir='ltr'>incrementi</span> <span class='ocrx_word' id='word_1_156' title='bbox 864 1617 881 1643; x_wconf 91' lang='lat'><strong>,</strong></span> <span class='ocrx_word' id='word_1_157' title='bbox 911 1572 1304 1631; x_wconf 86' lang='lat' dir='ltr'>inclinationem</span> <span class='ocrx_word' id='word_1_158' title='bbox 1332 1575 1394 1632; x_wconf 90' lang='lat' dir='ltr'>ad</span> <span class='ocrx_word' id='word_1_159' title='bbox 1410 1576 1697 1640; x_wconf 82' lang='lat' dir='ltr'>interitum,</span> 
     </span>
     <span class='ocr_line' id='line_1_20' title="bbox 60 1652 1694 1741; baseline 0.002 -28"><span class='ocrx_word' id='word_1_160' title='bbox 60 1658 115 1713; x_wconf 89' lang='lat' dir='ltr'>G</span> <span class='ocrx_word' id='word_1_161' title='bbox 125 1658 238 1712; x_wconf 84' lang='lat' dir='ltr'>raeci</span> <span class='ocrx_word' id='word_1_162' title='bbox 252 1657 450 1724; x_wconf 83' lang='lat' dir='ltr'>melius,</span> <span class='ocrx_word' id='word_1_163' title='bbox 459 1658 631 1733; x_wconf 59' lang='grc' dir='ltr'>ἀρχὴν,</span> <span class='ocrx_word' id='word_1_164' title='bbox 651 1652 828 1729; x_wconf 61' lang='grc' dir='ltr'>ἀκμὴν,</span> <span class='ocrx_word' id='word_1_165' title='bbox 845 1661 1104 1732; x_wconf 63' lang='grc' dir='ltr'>παρακμὴν</span> <span class='ocrx_word' id='word_1_166' title='bbox 1115 1672 1198 1712; x_wconf 88' lang='lat' dir='ltr'>aut</span> <span class='ocrx_word' id='word_1_167' title='bbox 1211 1657 1403 1741; x_wconf 76' lang='grc' dir='ltr'><strong><em>φθοράν,</em></strong></span> <span class='ocrx_word' id='word_1_168' title='bbox 1414 1656 1520 1713; x_wconf 87' lang='lat' dir='ltr'>haec</span> <span class='ocrx_word' id='word_1_169' title='bbox 1535 1680 1694 1738; x_wconf 83' lang='lat' dir='ltr'>quum</span> 
     </span>
     <span class='ocr_line' id='line_1_21' title="bbox 55 1735 1698 1815; baseline 0.003 -19"><span class='ocrx_word' id='word_1_170' title='bbox 55 1756 229 1796; x_wconf 85' lang='lat' dir='ltr'>natura</span> <span class='ocrx_word' id='word_1_171' title='bbox 243 1736 340 1793; x_wconf 76' lang='lat' dir='ltr'>sint</span> <span class='ocrx_word' id='word_1_172' title='bbox 354 1737 717 1801; x_wconf 88' lang='lat' dir='ltr'>diversa,etiam</span> <span class='ocrx_word' id='word_1_173' title='bbox 735 1735 1061 1815; x_wconf 88' lang='lat' dir='ltr'>scriptoribus</span> <span class='ocrx_word' id='word_1_174' title='bbox 1078 1738 1355 1796; x_wconf 86' lang='lat' dir='ltr'>admodum</span> <span class='ocrx_word' id='word_1_175' title='bbox 1373 1739 1618 1798; x_wconf 87' lang='lat' dir='ltr'>diversam</span> <span class='ocrx_word' id='word_1_176' title='bbox 1633 1743 1698 1801; x_wconf 84' lang='lat' dir='ltr'>ad</span> 
     </span>
     <span class='ocr_line' id='line_1_22' title="bbox 57 1816 1705 1898; baseline 0.002 -21"><span class='ocrx_word' id='word_1_177' title='bbox 57 1818 380 1877; x_wconf 87' lang='lat' dir='ltr'>scribendum</span> <span class='ocrx_word' id='word_1_178' title='bbox 393 1818 656 1875; x_wconf 87' lang='lat' dir='ltr'>materiam</span> <span class='ocrx_word' id='word_1_179' title='bbox 677 1816 1015 1898; x_wconf 86' lang='lat' dir='ltr'>suppeditant.</span> <span class='ocrx_word' id='word_1_180' title='bbox 1042 1820 1538 1898; x_wconf 86' lang='lat' dir='ltr'>Principia‚incerta,</span> <span class='ocrx_word' id='word_1_181' title='bbox 1553 1821 1705 1881; x_wconf 84' lang='lat' dir='ltr'>fabu-</span> 
     </span>
     <span class='ocr_line' id='line_1_23' title="bbox 57 1899 1696 1984; baseline 0.001 -23"><span class='ocrx_word' id='word_1_182' title='bbox 57 1903 120 1961; x_wconf 86' lang='lat' dir='ltr'>lis</span> <span class='ocrx_word' id='word_1_183' title='bbox 134 1899 780 1980; x_wconf 84' lang='lat' dir='ltr'>involuta‚tenuia:semper</span> <span class='ocrx_word' id='word_1_184' title='bbox 793 1899 1119 1965; x_wconf 68' lang='lat' dir='ltr'>enim‚modo</span> <span class='ocrx_word' id='word_1_185' title='bbox 1138 1901 1464 1984; x_wconf 86' lang='lat' dir='ltr'>primumque</span> <span class='ocrx_word' id='word_1_186' title='bbox 1481 1902 1696 1962; x_wconf 86' lang='lat' dir='ltr'>nascen-</span> 
     </span>
     <span class='ocr_line' id='line_1_24' title="bbox 60 1983 1701 2066; baseline 0.002 -24"><span class='ocrx_word' id='word_1_187' title='bbox 60 1986 129 2042; x_wconf 85' lang='lat' dir='ltr'>tia</span> <span class='ocrx_word' id='word_1_188' title='bbox 145 1983 257 2041; x_wconf 88' lang='lat' dir='ltr'>sunt</span> <span class='ocrx_word' id='word_1_189' title='bbox 280 1985 492 2042; x_wconf 89' lang='lat' dir='ltr'>minuta.</span> <span class='ocrx_word' id='word_1_190' title='bbox 513 1984 771 2063; x_wconf 85' lang='lat' dir='ltr'>postrema</span> <span class='ocrx_word' id='word_1_191' title='bbox 783 2001 890 2040; x_wconf 90' lang='lat' dir='ltr'>tem</span> <span class='ocrx_word' id='word_1_192' title='bbox 902 2003 1048 2062; x_wconf 86' lang='lat' dir='ltr'>pora,</span> <span class='ocrx_word' id='word_1_193' title='bbox 1065 1983 1165 2062; x_wconf 89' lang='lat' dir='ltr'>ipsa</span> <span class='ocrx_word' id='word_1_194' title='bbox 1178 2005 1409 2066; x_wconf 83' lang='lat' dir='ltr'>quoque,</span> <span class='ocrx_word' id='word_1_195' title='bbox 1426 1985 1510 2044; x_wconf 89' lang='lat' dir='ltr'>sed</span> <span class='ocrx_word' id='word_1_196' title='bbox 1527 2009 1587 2044; x_wconf 85' lang='lat' dir='ltr'>ex</span> <span class='ocrx_word' id='word_1_197' title='bbox 1604 1989 1701 2046; x_wconf 77' lang='lat' dir='ltr'>alia</span> 
     </span>
     <span class='ocr_line' id='line_1_25' title="bbox 59 2061 1703 2149; baseline 0.002 -26"><span class='ocrx_word' id='word_1_198' title='bbox 59 2065 237 2135; x_wconf 73' lang='lat' dir='ltr'>caussa,</span> <span class='ocrx_word' id='word_1_199' title='bbox 256 2082 510 2125; x_wconf 86' lang='lat' dir='ltr'>attenuata</span> <span class='ocrx_word' id='word_1_200' title='bbox 525 2109 541 2134; x_wconf 95' lang='lat'>‚</span> <span class='ocrx_word' id='word_1_201' title='bbox 569 2075 622 2126; x_wconf 73' lang='lat' dir='ltr'>Sc</span> <span class='ocrx_word' id='word_1_202' title='bbox 639 2066 773 2121; x_wconf 82' lang='lat' dir='ltr'>vitiis</span> <span class='ocrx_word' id='word_1_203' title='bbox 790 2061 1038 2122; x_wconf 86' lang='lat' dir='ltr'>deformia</span> <span class='ocrx_word' id='word_1_204' title='bbox 1057 2090 1075 2136; x_wconf 90' lang='lat'>·,</span> <span class='ocrx_word' id='word_1_205' title='bbox 1103 2083 1285 2144; x_wconf 84' lang='lat' dir='ltr'>utpote</span> <span class='ocrx_word' id='word_1_206' title='bbox 1302 2069 1464 2126; x_wconf 84' lang='lat' dir='ltr'>exitio</span> <span class='ocrx_word' id='word_1_207' title='bbox 1481 2071 1703 2149; x_wconf 87' lang='lat' dir='ltr'>propin-</span> 
     </span>
     <span class='ocr_line' id='line_1_26' title="bbox 57 2147 1698 2229; baseline 0.002 -25"><span class='ocrx_word' id='word_1_208' title='bbox 57 2168 173 2228; x_wconf 87' lang='lat' dir='ltr'>qua.</span> <span class='ocrx_word' id='word_1_209' title='bbox 199 2150 360 2207; x_wconf 86' lang='lat' dir='ltr'>solum</span> <span class='ocrx_word' id='word_1_210' title='bbox 377 2148 449 2206; x_wconf 90' lang='lat' dir='ltr'>est</span> <span class='ocrx_word' id='word_1_211' title='bbox 466 2149 688 2206; x_wconf 86' lang='lat' dir='ltr'>medium</span> <span class='ocrx_word' id='word_1_212' title='bbox 703 2165 906 2223; x_wconf 87' lang='lat' dir='ltr'>tempus</span> <span class='ocrx_word' id='word_1_213' title='bbox 925 2190 944 2216; x_wconf 91' lang='lat'><strong>,</strong></span> <span class='ocrx_word' id='word_1_214' title='bbox 972 2147 1111 2227; x_wconf 84' lang='lat' dir='ltr'>quod</span> <span class='ocrx_word' id='word_1_215' title='bbox 1132 2150 1321 2229; x_wconf 80' lang='lat' dir='ltr'>vigoris</span> <span class='ocrx_word' id='word_1_216' title='bbox 1351 2151 1541 2208; x_wconf 87' lang='lat' dir='ltr'>florem</span> <span class='ocrx_word' id='word_1_217' title='bbox 1555 2153 1698 2208; x_wconf 89' lang='lat' dir='ltr'>obti-</span> 
     </span>
     <span class='ocr_line' id='line_1_27' title="bbox 58 2229 1699 2315; baseline 0.003 -29"><span class='ocrx_word' id='word_1_218' title='bbox 58 2246 175 2286; x_wconf 90' lang='lat' dir='ltr'>neat</span> <span class='ocrx_word' id='word_1_219' title='bbox 193 2254 209 2299; x_wconf 92' lang='lat'><em>3</em></span> <span class='ocrx_word' id='word_1_220' title='bbox 234 2230 335 2288; x_wconf 79' lang='lat' dir='ltr'>sive</span> <span class='ocrx_word' id='word_1_221' title='bbox 352 2232 412 2288; x_wconf 89' lang='lat' dir='ltr'>ad</span> <span class='ocrx_word' id='word_1_222' title='bbox 426 2232 813 2310; x_wconf 82' lang='lat' dir='ltr'>experiundum,</span> <span class='ocrx_word' id='word_1_223' title='bbox 833 2229 863 2286; x_wconf 88' lang='lat' dir='ltr'>fi</span> <span class='ocrx_word' id='word_1_224' title='bbox 874 2251 931 2288; x_wconf 84' lang='lat' dir='ltr'>ve</span> <span class='ocrx_word' id='word_1_225' title='bbox 946 2232 1010 2287; x_wconf 90' lang='lat' dir='ltr'>ad</span> <span class='ocrx_word' id='word_1_226' title='bbox 1029 2229 1375 2304; x_wconf 87' lang='lat' dir='ltr'>scribendum,</span> <span class='ocrx_word' id='word_1_227' title='bbox 1398 2251 1482 2289; x_wconf 91' lang='lat' dir='ltr'>aut</span> <span class='ocrx_word' id='word_1_228' title='bbox 1497 2254 1699 2315; x_wconf 82' lang='lat' dir='ltr'>cogno-</span> 
     </span>
     <span class='ocr_line' id='line_1_28' title="bbox 56 2310 1696 2392; baseline 0.002 -23"><span class='ocrx_word' id='word_1_229' title='bbox 56 2310 297 2369; x_wconf 89' lang='lat' dir='ltr'>scendum</span> <span class='ocrx_word' id='word_1_230' title='bbox 313 2357 330 2384; x_wconf 91' lang='lat'>‚</span> <span class='ocrx_word' id='word_1_231' title='bbox 353 2316 619 2391; x_wconf 78' lang='lat' dir='ltr'>pulchrum</span> <span class='ocrx_word' id='word_1_232' title='bbox 635 2319 688 2369; x_wconf 85' lang='lat'>&amp;</span> <span class='ocrx_word' id='word_1_233' title='bbox 706 2313 947 2392; x_wconf 87' lang='lat' dir='ltr'>optabile.</span> <span class='ocrx_word' id='word_1_234' title='bbox 988 2315 1069 2370; x_wconf 89' lang='lat' dir='ltr'>Re</span> <span class='ocrx_word' id='word_1_235' title='bbox 1079 2310 1107 2366; x_wconf 84' lang='lat' dir='ltr'>s</span> <span class='ocrx_word' id='word_1_236' title='bbox 1099 2335 1150 2391; x_wconf 84' lang='lat' dir='ltr'>p.</span> <span class='ocrx_word' id='word_1_237' title='bbox 1168 2316 1430 2384; x_wconf 83' lang='lat' dir='ltr'>Romana,</span> <span class='ocrx_word' id='word_1_238' title='bbox 1450 2333 1503 2372; x_wconf 90' lang='lat' dir='ltr'>ut</span> <span class='ocrx_word' id='word_1_239' title='bbox 1518 2314 1696 2373; x_wconf 89' lang='lat' dir='ltr'>obser-</span> 
     </span>
     <span class='ocr_line' id='line_1_29' title="bbox 59 2394 1699 2477; baseline 0.001 -24"><span class='ocrx_word' id='word_1_240' title='bbox 59 2411 145 2453; x_wconf 84' lang='lat' dir='ltr'>vat</span> <span class='ocrx_word' id='word_1_241' title='bbox 165 2395 406 2473; x_wconf 87' lang='lat' dir='ltr'>Polybius</span> <span class='ocrx_word' id='word_1_242' title='bbox 427 2439 445 2466; x_wconf 90' lang='lat'>,</span> <span class='ocrx_word' id='word_1_243' title='bbox 472 2394 506 2451; x_wconf 85' lang='lat' dir='ltr'>si</span> <span class='ocrx_word' id='word_1_244' title='bbox 531 2418 629 2477; x_wconf 85' lang='lat' dir='ltr'>qua</span> <span class='ocrx_word' id='word_1_245' title='bbox 643 2398 744 2452; x_wconf 85' lang='lat' dir='ltr'>ulla</span> <span class='ocrx_word' id='word_1_246' title='bbox 758 2416 980 2475; x_wconf 85' lang='lat' dir='ltr'>unquam</span> <span class='ocrx_word' id='word_1_247' title='bbox 996 2396 1089 2450; x_wconf 84' lang='lat' dir='ltr'>alia</span> <span class='ocrx_word' id='word_1_248' title='bbox 1104 2416 1285 2453; x_wconf 87' lang='lat' dir='ltr'>omnes</span> <span class='ocrx_word' id='word_1_249' title='bbox 1305 2413 1603 2476; x_wconf 87' lang='lat' dir='ltr'>temporum</span> <span class='ocrx_word' id='word_1_250' title='bbox 1614 2399 1699 2455; x_wconf 87' lang='lat' dir='ltr'>di·-</span> 
     </span>
     <span class='ocr_line' id='line_1_30' title="bbox 57 2473 1697 2560; baseline 0.002 -25"><span class='ocrx_word' id='word_1_251' title='bbox 57 2473 318 2535; x_wconf 81' lang='lat' dir='ltr'>versitates</span> <span class='ocrx_word' id='word_1_252' title='bbox 340 2476 613 2535; x_wconf 85' lang='lat' dir='ltr'>secundum</span> <span class='ocrx_word' id='word_1_253' title='bbox 643 2496 831 2535; x_wconf 84' lang='lat' dir='ltr'>naturae</span> <span class='ocrx_word' id='word_1_254' title='bbox 861 2497 1161 2534; x_wconf 87' lang='lat' dir='ltr'>communes</span> <span class='ocrx_word' id='word_1_255' title='bbox 1190 2480 1330 2557; x_wconf 81' lang='lat' dir='ltr'>leges</span> <span class='ocrx_word' id='word_1_256' title='bbox 1358 2480 1429 2536; x_wconf 90' lang='lat' dir='ltr'>est</span> <span class='ocrx_word' id='word_1_257' title='bbox 1460 2499 1697 2560; x_wconf 87' lang='lat' dir='ltr'>experta.</span> 
     </span>
     <span class='ocr_line' id='line_1_31' title="bbox 50 2557 1700 2641; baseline 0.004 -28"><span class='ocrx_word' id='word_1_258' title='bbox 50 2578 164 2639; x_wconf 86' lang='lat' dir='ltr'>quae</span> <span class='ocrx_word' id='word_1_259' title='bbox 181 2559 245 2614; x_wconf 87' lang='lat' dir='ltr'>ab</span> <span class='ocrx_word' id='word_1_260' title='bbox 261 2557 787 2629; x_wconf 77' lang='lat' dir='ltr'>obscuris3fabularum</span> <span class='ocrx_word' id='word_1_261' title='bbox 806 2560 988 2640; x_wconf 82' lang='lat' dir='ltr'>pleniS,</span> <span class='ocrx_word' id='word_1_262' title='bbox 1006 2567 1056 2618; x_wconf 84' lang='lat'>&amp;</span> <span class='ocrx_word' id='word_1_263' title='bbox 1078 2562 1276 2639; x_wconf 76' lang='lat' dir='ltr'>oppido</span> <span class='ocrx_word' id='word_1_264' title='bbox 1295 2561 1507 2618; x_wconf 82' lang='lat' dir='ltr'>exilibus</span> <span class='ocrx_word' id='word_1_265' title='bbox 1524 2560 1700 2641; x_wconf 90' lang='lat' dir='ltr'>profe-</span> 
     </span>
     <span class='ocr_line' id='line_1_32' title="bbox 47 2640 1700 2725; baseline 0.002 -27"><span class='ocrx_word' id='word_1_266' title='bbox 47 2643 131 2698; x_wconf 65' lang='lat' dir='ltr'>sta</span> <span class='ocrx_word' id='word_1_267' title='bbox 150 2642 429 2719; x_wconf 78' lang='lat' dir='ltr'>principiiS‚</span> <span class='ocrx_word' id='word_1_268' title='bbox 442 2663 527 2720; x_wconf 84' lang='lat' dir='ltr'>pet</span> <span class='ocrx_word' id='word_1_269' title='bbox 541 2663 700 2700; x_wconf 89' lang='lat' dir='ltr'>annos</span> <span class='ocrx_word' id='word_1_270' title='bbox 715 2640 881 2699; x_wconf 88' lang='lat' dir='ltr'>ferme</span> <span class='ocrx_word' id='word_1_271' title='bbox 900 2664 968 2723; x_wconf 71' lang='lat'>,¹0</span> <span class='ocrx_word' id='word_1_272' title='bbox 988 2662 1104 2698; x_wconf 90' lang='lat' dir='ltr'>cum</span> <span class='ocrx_word' id='word_1_273' title='bbox 1122 2644 1323 2722; x_wconf 86' lang='lat' dir='ltr'>populis</span> <span class='ocrx_word' id='word_1_274' title='bbox 1342 2646 1495 2705; x_wconf 86' lang='lat' dir='ltr'>Italiae</span> <span class='ocrx_word' id='word_1_275' title='bbox 1514 2666 1700 2725; x_wconf 90' lang='lat' dir='ltr'>perpe-</span> 
     </span>
     <span class='ocr_line' id='line_1_33' title="bbox 51 2722 1699 2805; baseline 0.002 -26"><span class='ocrx_word' id='word_1_276' title='bbox 51 2739 198 2779; x_wconf 85' lang='lat' dir='ltr'>tuum</span> <span class='ocrx_word' id='word_1_277' title='bbox 215 2723 348 2802; x_wconf 79' lang='lat' dir='ltr'>quasi</span> <span class='ocrx_word' id='word_1_278' title='bbox 366 2726 554 2781; x_wconf 88' lang='lat' dir='ltr'>bellum</span> <span class='ocrx_word' id='word_1_279' title='bbox 573 2726 703 2782; x_wconf 89' lang='lat' dir='ltr'>varia</span> <span class='ocrx_word' id='word_1_280' title='bbox 716 2722 918 2782; x_wconf 88' lang='lat' dir='ltr'>fortuna</span> <span class='ocrx_word' id='word_1_281' title='bbox 932 2722 1288 2805; x_wconf 61' lang='lat' dir='ltr'>geffit.Tante</span> <span class='ocrx_word' id='word_1_282' title='bbox 1303 2728 1454 2785; x_wconf 87' lang='lat' dir='ltr'>molis</span> <span class='ocrx_word' id='word_1_283' title='bbox 1466 2732 1699 2787; x_wconf 74' lang='lat' dir='ltr'>eratOr-</span> 
     </span>
     <span class='ocr_line' id='line_1_34' title="bbox 53 2803 1697 2889; baseline 0.003 -29"><span class='ocrx_word' id='word_1_284' title='bbox 53 2803 110 2860; x_wconf 89' lang='lat' dir='ltr'>bi</span> <span class='ocrx_word' id='word_1_285' title='bbox 126 2822 368 2863; x_wconf 88' lang='lat' dir='ltr'>terrarum</span> <span class='ocrx_word' id='word_1_286' title='bbox 394 2807 510 2862; x_wconf 89' lang='lat' dir='ltr'>dare</span> <span class='ocrx_word' id='word_1_287' title='bbox 535 2824 703 2885; x_wconf 88' lang='lat' dir='ltr'>caput.</span> <span class='ocrx_word' id='word_1_288' title='bbox 725 2807 914 2866; x_wconf 85' lang='lat' dir='ltr'>deinde</span> <span class='ocrx_word' id='word_1_289' title='bbox 929 2808 1016 2865; x_wconf 89' lang='lat' dir='ltr'>ubi</span> <span class='ocrx_word' id='word_1_290' title='bbox 1041 2804 1199 2866; x_wconf 88' lang='lat' dir='ltr'>semel</span> <span class='ocrx_word' id='word_1_291' title='bbox 1228 2809 1413 2889; x_wconf 89' lang='lat' dir='ltr'>pedem</span> <span class='ocrx_word' id='word_1_292' title='bbox 1431 2827 1573 2867; x_wconf 86' lang='lat' dir='ltr'>extra</span> <span class='ocrx_word' id='word_1_293' title='bbox 1592 2815 1697 2867; x_wconf 85' lang='lat' dir='ltr'>Ita-</span> 
     </span>
     <span class='ocr_line' id='line_1_35' title="bbox 48 2886 1700 2975; baseline 0.002 -29"><span class='ocrx_word' id='word_1_294' title='bbox 48 2886 174 2947; x_wconf 84' lang='lat' dir='ltr'>liam</span> <span class='ocrx_word' id='word_1_295' title='bbox 189 2891 370 2950; x_wconf 77' lang='lat' dir='ltr'>extulit</span> <span class='ocrx_word' id='word_1_296' title='bbox 382 2926 402 2958; x_wconf 68' lang='lat'>2</span> <span class='ocrx_word' id='word_1_297' title='bbox 427 2890 567 2949; x_wconf 65' lang='lat' dir='ltr'>dictu</span> <span class='ocrx_word' id='word_1_298' title='bbox 579 2888 812 2953; x_wconf 13' lang='lat' dir='ltr'>mirabile*</span> <span class='ocrx_word' id='word_1_299' title='bbox 824 2933 843 2965; x_wconf 87' lang='lat'>‚</span> <span class='ocrx_word' id='word_1_300' title='bbox 858 2906 1051 2973; x_wconf 85' lang='lat' dir='ltr'>quanta</span> <span class='ocrx_word' id='word_1_301' title='bbox 1063 2909 1182 2950; x_wconf 86' lang='lat' dir='ltr'>cum</span> <span class='ocrx_word' id='word_1_302' title='bbox 1197 2888 1279 2952; x_wconf 87' lang='lat' dir='ltr'>sua</span> <span class='ocrx_word' id='word_1_303' title='bbox 1290 2893 1481 2975; x_wconf 80' lang='lat' dir='ltr'>gloria.</span> <span class='ocrx_word' id='word_1_304' title='bbox 1500 2908 1700 2975; x_wconf 84' lang='lat' dir='ltr'>quanto</span> 
     </span>
    </p>
   </div>
   <div class='ocr_carea' id='block_1_3' title="bbox 1577 2992 1703 3040">
    <p class='ocr_par' dir='ltr' id='par_1_3' title="bbox 1577 2992 1703 3040">
     <span class='ocr_line' id='line_1_36' title="bbox 1577 2992 1703 3040; baseline -0.032 -7"><span class='ocrx_word' id='word_1_305' title='bbox 1577 2992 1703 3040; x_wconf 73' lang='lat' dir='ltr'>Cum</span> 
     </span>
    </p>
   </div>
  </div>
 </body>
</html>
