1935 3458
362 126 805 185 COMMENT.
851 141 934 183 ιιι
979 124 1436 186 ΡοιγιιυΜ.
1615 115 1717 205 165

82 225 180 280 kur,
202 219 332 271 iidem
353 223 430 270 (int
464 230 506 273 &
536 221 872 271 fortunatiffimi.
917 237 1018 267 nam
1047 226 1088 267 &
1116 223 1392 287 prudentiam
1416 223 1519 289 saepe
1542 227 1729 291 appella-

82 309 181 343 mus
201 293 406 339 mortales
424 328 434 347 ‚
460 307 552 359 quae
579 287 1015 338 recteaestimantibus
1040 305 1158 335 mera
1171 289 1349 336 stultitia
1373 292 1460 337 dici
1484 310 1722 342 mereatur:

88 355 131 406 δε
156 356 414 406 felicitatem
435 359 585 406 divino
611 371 786 404 munere
810 355 1063 403 hominibus
1088 358 1343 426 contingere
1365 392 1376 408 ,
1399 373 1526 423 atque
1549 376 1596 406 ut
1622 378 1726 408 cum

87 427 317 474 Aristotele
347 427 514 481 dicam,
538 426 620 472 τία)
651 422 924 481 οὕὲωμμρνίων
949 420 1050 481 εἷνοᾳ
1069 423 1274 484 &ido-hvon
1294 458 1306 478 ,
1331 439 1377 471 ut
1403 428 1601 472 meliores
1628 429 1729 474 lite-

84 511 153 542 ras
188 510 354 540 taceam
386 530 395 548 ‚
437 495 622 539 humana
663 505 832 554 quoque
865 487 1067 553 sapientia
1105 495 1150 536 ὃς
1181 491 1431 556 quotidiana
1467 497 1728 561 exponentia

83 563 256 610 docent.
298 560 483 626 AEschyli
506 560 675 604 divinus
700 555 837 603 versus
860 557 945 602 est:
991 557 1125 619 Θειέᾒὶ
1154 550 1282 621 Ᾱὶῖρρν
1310 568 1382 609 'mv
1409 563 1596 619 σϋτυχέἰν
1613 570 1724 621 339-

83 630 181 679 τές.
226 637 402 675 Donum
433 630 520 674 Dei
540 625 597 685 est
624 623 884 672 mortalibus
906 625 1117 688 felicitas.
1167 628 1394 690 Propterea
1418 627 1623 692 Polybius
1650 626 1728 672 hac

86 715 201 743 nunc
231 697 365 741 utitur
392 693 565 749 {ms-clod
591 726 603 742 ,
642 690 916 757 observatque
944 691 1188 739 Hieronem
1227 694 1361 740 unum
1390 690 1413 739 ὲ
1437 695 1582 759 paucis
1608 688 1728 740 fuiffe

84 765 159 830 qui
181 760 370 809 fructum
395 759 473 806 suae
495 759 731 823 prudentiae
759 759 905 805 tulerit
932 755 1186 807 felicitatem
1211 778 1391 827 eamque
1416 762 1534 808 valde
1558 761 1728 807 diutur-

85 848 206 878 nam.
247 829 360 875 Solet
373 826 455 874 hoc
478 843 646 891 quoque
669 827 888 873 interdum
900 826 1126 875 usuvenire
1141 865 1151 883 ,
1167 846 1213 875 ut
1229 831 1303 895 qui
1325 830 1530 894 sapienter
1543 832 1728 894 pruden-

86 913 233 962 terque
244 898 381 942 vitam
395 896 637 948 instituunt,
657 894 720 941 his
736 895 965 961 tranquilla
982 929 993 946 ‚
1021 901 1061 941 &
1077 914 1155 963 pro
1168 897 1235 944 sua
1251 898 1360 945 sorte
1382 899 1501 944 beata
1516 901 1604 944 vita
1619 915 1731 944 con-

91 967 248 1032 tingat.
282 965 450 1009 lccirco
468 963 704 1009 celebratur
722 964 936 1009 Heracliti
961 963 1185 1016 minzio&
1202 966 1400 1027 ωἰθραίπῳ
1417 963 1580 1026 δαίμων
1598 1001 1608 1018 ,
1632 980 1727 1032 quae

85 1021 313 1095 unicuique
329 1031 581 1077 mortalium
607 1029 701 1077 suos
717 1048 797 1094 pro
822 1032 963 1077 Genio
987 1049 1134 1079 mores
1159 1034 1344 1080 affirmat
1359 1025 1454 1079 effi.
1486 1035 1631 1080 Latini
1660 1034 1729 1081 so-

82 1099 182 1166 phi,
199 1097 281 1145 hoc
296 1099 471 1145 voluere
494 1116 627 1163 quum
641 1099 839 1146 dixerunt
856 1136 865 1154 ,
882 1100 1126 1163 Sapientem
1153 1098 1316 1169 fingere
1339 1101 1477 1165 ipsum
1503 1098 1729 1149 fortunam

76 1166 176 1213 fibi:
207 1171 247 1212 ὀ(
266 1165 451 1212 Fabrum
473 1163 552 1212 efle
578 1166 656 1213 suae
684 1183 895 1233 quemque
908 1162 1110 1216 fortunae.
1150 1172 1286 1216 Porro
1311 1171 1397 1228 ejus
1423 1170 1659 1235 prudentiae
1684 1175 1730 1216 <Sc

83 1233 288 1285 ὥέελίας
320 1252 449 1300 quam
481 1236 525 1280 in
550 1236 750 1282 Hierone
775 1235 1058 1282 commendat
1096 1236 1189 1283 heic
1226 1236 1433 1301 Polybius
1459 1273 1471 1293 ,
1510 1238 1648 1283 multa
1671 1237 1729 1284 si-

80 1302 174 1349 mul
202 1301 298 1348 data
321 1302 372 1348 ab
395 1320 445 1349 eo
470 1301 563 1349 sunt
598 1319 855 1375 argumenta
872 1338 884 1358 ,
913 1320 1047 1369 quum
1072 1304 1290 1375 repudiata
1315 1300 1518 1351 societate
1543 1304 1733 1352 Cartha-

79 1369 342 1435 ginienssum
375 1405 387 1426 2
415 1370 464 1416 ad
493 1376 798 1419 Romanorum
827 1372 1073 1418 amicitiam
1113 1373 1228 1419 velut
1256 1373 1300 1418 in
1341 1375 1599 1419 tutissimum
1625 1391 1730 1436 por-

81 1452 180 1483 tum
195 1433 367 1484 mtture
384 1435 600 1507 confugit.
638 1440 726 1485 Illis
755 1439 1024 1504 temporibus
1045 1475 1056 1496 ‚
1073 1455 1120 1487 ut
1142 1440 1170 1486 fi
1199 1457 1387 1505 unquam
1404 1441 1502 1487 altas
1519 1476 1529 1495 ,
1556 1441 1730 1508 vigebat

81 1505 128 1550 in
150 1506 308 1569 populo
326 1510 461 1554 Rom.
479 1507 610 1554 virtus
630 1542 642 1559 ,
666 1507 891 1579 integritas
904 1543 914 1562 ,
937 1514 978 1555 &
991 1507 1109 1572 super
1125 1510 1273 1556 omnia
1288 1505 1408 1554 fides:
1442 1507 1549 1574 apud
1566 1511 1732 1555 Poenos

82 1589 259 1623 contra,
277 1573 397 1621 dolus
420 1609 429 1626 ,
448 1572 647 1640 perfidia,
665 1580 705 1622 &
723 1575 906 1622 Barbara
928 1577 1124 1640 quaedam
1150 1576 1394 1623 crudelitas.
1440 1576 1574 1639 Qiod
1591 1578 1731 1644 igitur

79 1641 175 1704 post
190 1641 330 1703 prima
345 1641 489 1689 statim
507 1643 797 1706 experimenta
814 1643 990 1689 virtutis
1005 1649 1328 1699 Romanorum,
1344 1662 1416 1690 eos
1431 1644 1503 1690 {ibi
1520 1659 1732 1709 praeopta-

83 1709 141 1752 rit
163 1709 303 1753 Hiero
320 1708 484 1754 amicos
508 1708 641 1774 quam
658 1709 1059 1777 Carthaginienses,
1094 1730 1286 1778 quorum
1314 1727 1402 1758 erat
1427 1727 1547 1758 vetus
1563 1714 1605 1757 in
1620 1714 1734 1759 bici-

76 1773 134 1820 lia
150 1808 160 1828 ‚
190 1780 230 1820 δε
244 1789 346 1820 tunc
364 1792 532 1841 quoque
551 1779 858 1841 ampliffimum
887 1779 1122 1846 imperium
1142 1803 1151 1834 ;
1170 1794 1327 1846 quanta
1352 1781 1396 1828 in
1414 1798 1466 1827 eo
1492 1778 1610 1827 facto
1624 1798 1730 1845 pru-

80 1841 222 1890 dentia
242 1876 252 1891 ‚
273 1858 429 1908 quanta
451 1845 600 1904 judicii
633 1845 875 1892 rectitudo?
920 1845 1026 1909 Jam
1043 1848 1156 1912 quod
1174 1863 1340 1919 integer
1356 1843 1501 1913 potius
1517 1865 1646 1913 quam
1663 1850 1735 1894 vi-

85 1909 178 1955 c'tus
192 1927 341 1974 p:.cem
358 1907 459 1956 fecit
480 1948 491 1967 ‚
520 1914 786 1959 &rationem
814 1911 946 1977 quam
964 1910 1187 1960 fortunam
1212 1914 1323 1980 sequi
1341 1915 1494 1962 maluit
1512 1917 1630 1981 ,quis
1655 1933 1734 1962 ne-

81 1976 210 2045 gabit
235 1977 413 2024 stimmae
432 1972 512 2025 effe
540 1980 771 2043 prudentiae
796 1990 810 2024 ἓ
832 1979 948 2046 quod
975 1982 1019 2026 in
1050 1982 1136 2028 vita
1152 1983 1468 2030 difficillimum
1495 1984 1551 2028 est
1571 2019 1582 2036 ,
1606 1983 1732 2030 scivit

85 2045 227 2092 Hiero
252 2046 384 2091 vinci.
414 2064 495 2112 qua
518 2046 567 2094 de
592 2065 637 2094 re
651 2046 853 2114 praeclare
876 2049 1081 2096 Politicus
1107 2050 1247 2096 noster
1272 2049 1595 2117 philosophatur
1617 2053 1734 2098 libro

87 2111 236 2159 eodem
251 2148 262 2167 ,
275 2114 318 2176 in
335 2113 433 2160 belli
449 2114 570 2175 hujus
586 2118 740 2163 Punici
756 2114 854 2163 fine.
902 2116 1023 2168 Fides
1049 2135 1143 2167 vera
1159 2124 1199 2164 &
1217 2120 1456 2166 constantia
1479 2119 1660 2179 ejusdem
1686 2122 1734 2167 in

85 2179 369 2228 conservanda
383 2185 488 2247 Pop.
506 2189 642 2233 Rom.
659 2185 869 2244 majestate
894 2185 1166 2233 laudariffitis
1196 2204 1276 2251 pro
1298 2188 1460 2234 merito
1475 2204 1561 2234 non
1590 2204 1735 2254 queat.

87 2264 220 2315 quum
239 2249 471 2312 praesertim
487 2269 534 2298 ea
550 2270 652 2300 mox
673 2259 713 2299 ὃς
739 2252 937 2316 deinceps
951 2253 1132 2318 persaepe
1153 2254 1287 2301 secuta
1311 2256 1389 2302 {int
1406 2271 1618 2319 tempora,
1635 2272 1731 2322 quae

88 2316 178 2375 ejus
206 2317 486 2366 constantiam
517 2320 676 2366 eximie
710 2319 956 2384 probarent.
1005 2324 1133 2388 Qot
1161 2327 1201 2367 δε
1228 2339 1406 2388 quantas
1431 2324 1567 2369 clades
1590 2341 1731 2387 popu-

88 2381 154 2429 lus
181 2387 317 2431 Rom.
334 2385 444 2435 bello
470 2389 632 2434 Punico
647 2390 814 2452 primo,
848 2395 888 2435 δέ
913 2387 1081 2436 secundi
1111 2390 1240 2436 initio
1265 2390 1313 2436 iit
1328 2384 1536 2456 perpessus
1558 2419 1572 2442 2
1597 2409 1734 2439 nemo

90 2450 237 2496 nescit.
260 2452 405 2498 Solent
418 2454 581 2501 adversa
595 2454 831 2502 hominum
848 2456 1150 2506 voluntates‚&
1168 2457 1308 2504 abdita
1328 2461 1545 2505 mentium
1561 2459 1732 2507 nudare.

89 2519 302 2566 Hieronis
316 2522 577 2585 propolitum
597 2528 631 2570 &2
646 2524 933 2571 constantiam
950 2526 992 2570 in
1010 2524 1192 2589 suscepta
1204 2525 1330 2572 semel
1344 2528 1540 2573 amicitia
1557 2531 1734 2575 Roma...

89 2603 248 2632 norum
263 2621 273 2639 ‚
306 2604 393 2633 non
408 2592 563 2658 Reguli
587 2592 837 2645 calamitas,
862 2610 949 2639 non
966 2593 1137 2640 Claudii
1161 2591 1433 2662 naufragium
1451 2630 1461 2645 ‚
1490 2613 1573 2642 non
1588 2595 1736 2642 Thra-

88 2651 304 2715 symenus‚
324 2673 409 2701 non
431 2657 606 2712 Trebia,
617 2661 836 2723 postremo
851 2678 902 2706 ne
921 2660 1152 2708 Cannenlis
1166 2663 1337 2727 quidem
1352 2664 1440 2710 dies
1453 2664 1596 2727 potuit
1611 2664 1729 2711 labe-

87 2716 263 2770 factare.
310 2721 730 2774 Matifitinconcuffa
754 2729 817 2774 illi
840 2726 945 2775 fides
960 2765 970 2784 ,
986 2730 1118 2776 etiam
1135 2744 1238 2776 tunc
1261 2747 1396 2797 quum
1414 2737 1455 2778 &
1482 2732 1524 2777 in
1552 2733 1671 2778 {talia
1689 2739 1735 2780 Sc

88 2802 207 2833 extra
238 2790 410 2836 Italiam
437 2810 588 2839 omnes
612 2798 716 2859 Pop.
741 2801 875 2845 Rom.
897 2796 1002 2844 socii
1030 2803 1072 2844 ὃ(
1095 2799 1229 2844 amici
1254 2800 1302 2844 ad
1318 2803 1485 2846 Poenos
1510 2796 1733 2848 fortunam

86 2854 220 2901 secuti
238 2857 517 2906 inclinabant.
551 2878 604 2907 ne
624 2861 964 2928 domusquidem
983 2867 1189 2912 Hieronis
1205 2881 1298 2913 tota
1324 2868 1474 2926 (verba
1491 2866 1581 2914 sunt
1595 2869 1732 2926 Livii)

90 2921 144 2968 ab
157 2918 393 2972 defectione
405 2927 620 2975 abstinuit.
640 2946 822 2995 namque
838 2933 948 2979 Gelo
964 2935 1180 2980 maximus
1196 2935 1333 3000 stirpis
1347 2951 1597 3001 contempta
1611 2935 1737 2982 timul

90 2987 304 3062 senectute
341 2996 474 3061 patris
498 3031 511 3052 2
548 2996 672 3046 fimul
696 2999 788 3065 post
813 2999 1079 3048 Cannensem
1110 3001 1276 3052 cladem
1306 3008 1509 3053 Romana
1534 3003 1736 3053 societate

1009 3069 1083 3128 13
1683 3070 1735 3121 ad
