1935 3458
263 112 326 175 76
866 108 1348 156 INDEX.

332 196 545 245 coloribus
943 194 1051 256 676
1173 191 1278 239 fines
1291 193 1380 241 duo
1512 199 1517 202 ⁴
1693 204 1696 207 ’
1748 213 1890 266 1004

266 264 352 311 Via
374 278 544 327 propter
566 264 821 311 Oenuntem
848 262 901 309 ad
924 264 1048 325 Spar·
1092 258 1194 306 Vita
1207 262 1401 308 anteasta
1414 263 1669 312 maximum
1694 267 1795 315 fidei
1817 270 1885 331 pi-

335 344 427 379 tam
445 335 602 379 ducens
942 341 1051 397 209
1157 342 1268 390 gnus
1765 349 1801 396 7
1815 347 1883 386 12

267 399 353 445 Via
366 400 449 447 lata
473 399 674 446 mundari
695 398 815 445 solita
831 398 874 446 in
899 400 1048 445 castra·
1093 393 1267 440 Vitium
1281 394 1456 458 aliquod
1468 396 1642 462 fingulis
1665 399 1769 462 reip.
1798 401 1890 448 for-

335 470 576 514 metatione
944 465 1051 531 665
1162 461 1245 508 mis
1258 475 1410 508 natura
1422 466 1712 528 congenitum
1774 466 1883 530 638

262 534 360 581 Viae
387 536 434 580 in
458 533 828 581 castrametatione
850 534 1050 580 Roman.
1089 528 1264 574 Vitium
1290 528 1503 576 familiare
1537 532 1589 580 iis
1610 534 1688 597 qui
1727 534 1891 581 divitiis

331 602 527 664 quinque
944 599 1014 650 66
1026 617 1047 650 1
1155 597 1416 643 antecellunt
1772 601 1805 650 6
1813 615 1884 664 37

262 668 472 715 Vzstimae
485 679 582 714 exta
595 667 647 714 de
666 684 791 714 more
812 668 923 729 apud
953 670 1048 713 Ma-
1085 661 1356 724 Ulyffcsidea
1370 663 1447 711 Vlrl
1477 665 1645 713 politici
1672 680 1775 731 931
1802 684 1874 730 pe⁴

327 736 908 798 cedonasregiostenduntur
940 747 1050 795 702
1152 729 1582 793 ritiff.1mperatoriae
1597 735 1696 780 artis
1765 748 1869 796 771

258 803 415 848 Victor
436 803 512 864 qui
535 802 671 849 modo
695 803 917 850 videbatur
941 802 1047 861 saepe
1087 796 1245 842 Umbri
1269 808 1369 862 145
1404 816 1507 845 cum
1525 801 1738 849 Romanis
1769 818 1876 849 con—

325 872 570 916 temeritate
589 870 726 916 vietus
942 865 1047 920 882
1153 864 1332 911 veniunt
1344 866 1536 913 adversus
1552 867 1696 914 Gallos
1773 882 1835 931 15
1844 870 1876 918 6

254 935 498 982 Vitiorum
514 935 674 999 petenti
695 935 802 1001 quid
825 937 1044 983 attenden-
1089 929 1334 978 Voluntates
1349 934 1486 980 animi
1502 934 1675 981 difficile
1704 951 1879 997 cogno-

326 1005 433 1050 dum
941 1014 1044 1066 322
1149 997 1323 1045 scuntur
1765 1013 1878 1066 257

253 1069 669 1117 Vist01·iae&Senatu
681 1071 960 1120 extolluntur,
973 1084 1046 1117 aut
1083 1063 1335 1126 Voluptates
1380 1082 1571 1131 regnum
1615 1081 1795 1116 mutant
1829 1072 1876 1117 in

323 1138 605 1185 obscurantur
934 1137 1043 1202 644
1148 1133 1190 1176 T
1191 1134 1450 1195 yrannidem
1765 1135 1797 1185 6
1806 1151 1830 1200 3
1840 1149 1875 1201 4

254 1206 462 1252 Vistoriae
477 1205 597 1267 spem
615 1205 661 1253 in
673 1204 795 1253 sociis
804 1221 962 1268 ponere
976 1221 1047 1266 pe·
1082 1197 1217 1245 Urbes
1232 1216 1317 1264 qua
1330 1213 1447 1263 parte
1462 1202 1561 1250 sunt
1579 1203 1874 1266 munitissime

325 1272 560 1319 riculosum
936 1270 1046 1337 890
1149 1268 1241 1328 capi
1256 1267 1387 1315 solitae
1761 1283 1875 1335 704

255 1341 414 1387 Videre
436 1340 588 1386 eadem
612 1355 748 1386 nemo
772 1339 1045 1402 stmpervult
1082 1333 1302 1382 Urbessoli
1319 1336 1534 1400 inaequalis
1559 1338 1695 1400 plures
1720 1337 1879 1387 domos

901 1419 1042 1474 1004
1147 1416 1237 1450 non
1260 1410 1486 1451 continent
1511 1404 1561 1451 iis
1590 1421 1779 1469 quarum
1806 1406 1876 1452 su-

254 1474 428 1539 Vigiliae
443 1476 664 1522 nosturnae
675 1474 940 1538 quomodo&
958 1477 1043 1522 Ro.
1147 1470 1339 1531 perficies
1353 1473 1413 1518 est
1435 1473 1559 1535 plana
1764 1468 1875 1535 778

322 1542 422 1588 adm
432 1543 677 1590 inistrantur
934 1542 1042 1604 667
1081 1537 1208 1585 Utica
1226 1549 1335 1603 942
1347 1540 1371 1584 ἐὶ
1384 1539 1790 1603 Carthaginensibus
1803 1541 1878 1586 de-

253 1611 299 1657 1³.
327 1610 480 1656 Villius
512 1623 646 1672 1071
693 1610 749 1658 ad
769 1609 1041 1657 Antiochum
1147 1607 1251 1654 fecit
1280 1621 1303 1655 1
1323 1605 1387 1656 16
1404 1606 1428 1654 ὲ
1446 1607 1647 1655 seditiosis
1663 1607 1879 1655 militibus

323 1676 611 1739 proficiscitur
909 1692 931 1727 1
946 1692 967 1727 1
981 1692 1000 1726 1
1019 1693 1040 1730 1
1146 1674 1306 1720 obseffa
1332 1688 1435 1724 100
1455 1689 1549 1737 103
1593 1674 1616 1721 ὲ
1640 1674 1872 1739 Carthagi-

251 1744 438 1791 Vincere
460 1742 581 1791 factis
604 1741 797 1791 honestis
819 1746 1046 1807 &justitia
1149 1742 1363 1788 nienfibus
1379 1756 1547 1804 recepta
1769 1753 1867 1806 123

321 1813 468 1857 minor
480 1828 541 1858 res
554 1829 641 1859 non
656 1815 716 1859 est
731 1844 743 1863 ,
768 1813 898 1859 armis
922 1815 1040 1874 parta
1081 1808 1299 1855 Uticenses
1313 1806 1418 1875 248
1430 1812 1482 1856 ad
1496 1812 1581 1856 Ro.
1597 1809 1869 1857 deditionem

320 1879 502 1926 viCtoria
938 1892 1036 1944 503
1148 1876 1314 1923 faciunt
1727 1891 1750 1925 1
1762 1874 1868 1941 348

251 1947 424 1993 Vinum
437 1946 638 1994 mulieres
661 1946 774 2010 apud
798 1949 938 1994 Rom.
955 1965 1042 1994 non
1082 1945 1251 1990 Utilitas
1265 1960 1373 1991 unus
1385 1942 1553 1991 auditus
1578 1948 1621 1993 &t
1636 1944 1746 1992 visus
1777 1944 1875 1991 finis

320 2014 478 2060 bibunt
904 2013 1041 2079 1487
1723 2023 1869 2076 1004

252 2080 333 2126 Vir
358 2081 520 2133 bonus,
549 2080 798 2128 amicorum
823 2085 867 2129 &
898 2083 1042 2145 patriae
1083 2077 1265 2124 Vulcani
1291 2078 1487 2125 tumulus
1759 2076 1864 2143 813

320 2164 469 2195 amans
979 2147 1042 2201 18
1081 2146 1500 2210 Vulgianimosquae
1515 2144 1693 2193 firmant
1760 2157 1871 2210 274

249 2216 344 2261 Viri
361 2216 463 2263 boni
488 2216 564 2279 qui
589 2232 666 2278 pro
679 2217 830 2265 amicis
853 2220 896 2266 ὅτ
919 2216 1043 2264 sociis
1145 2214 1530 2275 ejusinconstant1a
1728 2225 1865 2277 1521

318 2284 470 2330 dicunt
490 2284 555 2330 vel
578 2283 768 2331 sentiunt
933 2295 1041 2350 204
1080 2281 1258 2328 Vulneri
1275 2280 1440 2343 ingenti
1454 2280 1545 2328 leve
1566 2280 1868 2328 medicamen-

248 2350 450 2414 Virgines
463 2364 642 2398 centum
663 2351 889 2398 Locrensts
912 2365 1035 2416 quot·
1146 2361 1246 2395 tum
1272 2347 1476 2394 adhibere
1721 2363 1744 2397 1
1756 2363 1780 2411 3
1793 2345 1825 2398 8
1839 2362 1864 2411 3

318 2418 498 2464 annisad
515 2419 642 2465 lliurn
660 2420 779 2466 mitti
793 2419 913 2479 solite
931 2432 1039 2484 914
1079 2416 1315 2463 Vulturum
1343 2414 1559 2461 indicium
1753 2415 1862 2476 706

248 2484 397 2531 Virtus
410 2485 684 2548 imperatoria
700 2485 917 2546 potissima
932 2501 957 2549 3
968 2499 1035 2538 22
1080 2489 1241 2531 Uxores
1250 2482 1349 2529 fidei
1362 2484 1517 2546 pignus
1754 2494 1865 2544 712

244 2553 438 2600 Virtutes
450 2551 473 2599 ὲ
484 2570 618 2616 puero
632 2554 788 2600 discere
800 2565 969 2615 oportet
1442 2554 1504 2597 X.

898 2619 1033 2685 1368
1183 2617 1335 2665 Anthii
1563 2628 1698 2681 1223
1727 2627 1866 2682 1244

244 2685 434 2733 Virtutis
457 2702 629 2750 magnae
653 2687 741 2738 est,
767 2704 819 2734 ex
847 2688 1029 2736 aliorum
1183 2684 1455 2747 Xanthippus
1784 2685 1860 2749 46

313 2755 500 2815 peccatis
530 2755 802 2802 occasionem
828 2756 890 2801 rei
925 2755 1033 2802 bene
1077 2753 1325 2800 Xenarchus
1383 2749 1386 2751 ’
1715 2765 1738 2800 1
1760 2750 1860 2815 198

314 2821 510 2882 gerendae
523 2834 687 2884 captare
927 2819 995 2874 88
999 2835 1033 2874 2,
1072 2821 1204 2867 Xenis
1219 2822 1288 2870 via
1748 2816 1822 2880 87
1828 2835 1860 2884 9

243 2887 374 2933 Visus
407 2889 751 2936 instrumentum
775 2905 838 2935 res
871 2905 1028 2953 cogno-
1071 2889 1197 2936 Xeno
1212 2900 1273 2952 5⁹3
1285 2902 1316 2954 9
1336 2900 1358 2935 Ι
1369 2895 1434 2948 32
1442 2898 1472 2950 ς
1511 2887 1716 2933 Pataraeus
1750 2882 1862 2950 896

311 2954 453 3002 scendi
466 2956 615 3005 auditu
631 2956 786 3005 certius
800 2969 907 3023 930
947 2975 1034 3024 ejus
1144 2971 1204 3022 13
1221 2972 1243 3008 1
1294 2953 1676 3003 Hermionenfium
1712 2965 1856 3017 tyran-

1775 3035 1857 3069 nus
