1935 3458
229 66 333 142 138
553 72 894 132 Issam
963 76 1550 134 CASAUBONI

219 173 274 221 de
297 166 534 216 traditione
548 168 599 216 ad
613 166 953 218 conservandum
968 190 979 225 ;
993 169 1165 237 quando
1183 169 1425 235 praefidium
1448 186 1496 216 ea
1516 166 1767 217 conditione
1788 169 1865 218 ad-

223 241 450 290 mittitur,
479 251 527 285 ut
544 240 705 287 evitato
730 238 925 304 periculo
946 238 996 285 fit
1029 240 1093 286 illi
1122 237 1382 295 exeundum,
1405 238 1497 298 jure
1532 238 1726 285 civitatis
1752 234 1864 285 nihil
1926 289 1927 292 Ἴ

222 309 491 358 immutato:
517 323 603 373 quo
621 307 774 354 animo
797 305 833 353 se
847 308 1100 355 auxiliatum
1130 300 1289 356 venissP:
1300 302 1647 353 Mess'anienfibus
1665 307 1867 353 Mamer·
1926 308 1927 320 ¹

222 379 330 427 tinis
344 377 508 442 Appius
526 374 729 422 Claudius
742 375 851 440 apud
865 377 1084 422 Zonaram
1097 377 1194 442 ipfis
1219 372 1469 422 confirmat.
1509 373 1645 439 potest
1669 376 1805 421 etiam
1815 374 1867 422 de
1926 397 1929 419 ι

221 446 444 495 deditione
459 444 647 512 intelligi
664 479 675 499 ,
689 460 762 507 per
777 460 909 509 quam
925 444 1024 491 urbs
1039 441 1158 492 fieret
1172 450 1507 494 Romanorum:
1535 440 1652 509 quod
1678 456 1725 488 ut
1750 440 1868 489 face·
1926 467 1928 473 ι

221 531 321 566 rent
343 515 411 562 isti
425 515 666 577 Campani,
687 510 987 558 recordatione
1000 514 1155 560 veteris
1180 513 1366 579 exempli
1393 513 1437 558 in
1469 509 1537 558 sua
1554 524 1684 578 gente
1706 508 1809 556 editi
1841 508 1868 558 εὶ
1927 566 1930 574 ὁ

220 583 442 634 Romanis
458 595 656 646 poterant
667 582 853 628 moveri.
892 583 1011 627 Nam
1026 598 1162 647 quum
1181 581 1294 629 bello
1314 579 1556 627 Samnitico
1568 592 1866 644 premerentur
1928 591 1929 595 ’

224 652 500 717 Campani&
525 654 756 699 Romanos
770 666 900 714 opem
915 645 1203 715 popolcissent
1220 685 1231 706 ,
1260 648 1371 697 nihil
1387 648 1439 695 ab
1466 649 1527 695 eis
1552 648 1696 713 potuit
1722 649 1866 711 impe·
1928 639 1931 686 Ϊ

223 724 330 769 trari
346 717 590 785 priusquam
615 717 652 766 se
676 723 717 764 δέ
733 719 885 764 omnia
910 718 979 764 sua
995 718 1154 784 populo
1174 723 1312 768 Rom.
1327 711 1548 764 dedissent.
1587 711 1774 763 Causam
1792 716 1868 761 de-

225 792 374 859 negari
389 803 491 833 tunc
507 787 654 833 auxilii
679 786 824 851 prodit
842 787 1006 842 Livius,
1020 789 1120 853 quia
1135 787 1350 834 Romanis
1365 782 1508 832 foedus
1533 798 1621 831 erat
1649 784 1868 849 antiquius
1934 822 1935 843 ¹

222 874 333 905 cum
347 855 640 904 Samnitibus:
666 869 760 920 quse
778 855 889 900 ratio
904 853 974 900 hic
990 871 1163 921 quoque
1183 856 1336 902 locum
1361 853 1526 900 habuit.
1562 869 1665 898 nam
1683 851 1871 898 Cartha·
1933 871 1935 894 ς

224 925 440 995 ginienses
452 923 637 971 adversus
660 939 769 989 quos
792 923 1000 971 auxilium
1022 923 1235 970 advocant
1250 923 1509 969 Mamertini
1525 919 1577 967 ab
1591 921 1755 986 aliquot
1774 920 1869 981 jam

222 995 375 1043 seculis
387 990 549 1038 foedere
558 992 696 1052 junc'ti
723 1008 826 1039 cum
843 993 1058 1040 Romanis
1073 1008 1191 1039 eraut
1205 990 1350 1058 :quod
1369 989 1398 1036 fi
1412 992 1595 1037 Zonarae
1621 987 1839 1035 credimus
1856 1021 1871 1042 ‚

224 1065 361 1111 etiam
379 1062 567 1108 Hieroni
584 1096 595 1115 ,
606 1061 680 1126 qui
699 1060 910 1116 erat,alter
925 1062 1301 1108 Mamertinorum
1312 1058 1445 1106 hostis
1463 1095 1476 1116 ‚
1494 1054 1636 1104 foedus
1651 1072 1754 1103 cum
1768 1061 1868 1105 Ro-

226 1131 369 1179 manis
382 1129 688 1175 intercedebat.
725 1128 886 1175 Obstat
901 1127 1002 1177 huic
1029 1128 1377 1194 interpretationi
1407 1126 1523 1193 quod
1545 1127 1691 1191 paffim
1719 1123 1876 1172 dicun-

226 1213 298 1247 tur
314 1198 512 1248 Romani
526 1191 770 1244 Messanam
790 1191 1041 1252 defendisse,
1065 1213 1112 1244 ut
1137 1197 1396 1245 foederatam
1419 1196 1647 1242 civitatem
1663 1227 1674 1246 ,
1700 1209 1793 1240 non
1824 1206 1873 1239 ut
1931 1215 1933 1218 ·

223 1267 345 1316 suam
365 1271 433 1322 3&
447 1266 748 1315 Mamertinos
762 1280 811 1313 ut
838 1264 975 1314 socios
990 1302 1000 1321 ‚
1017 1282 1104 1312 non
1118 1281 1164 1313 ut
1187 1265 1396 1314 subditos.
1435 1264 1590 1310 Florus
1615 1259 1731 1308 libro
1748 1275 1805 1305 11.
1820 1260 1873 1306 de

225 1335 329 1383 belli
342 1335 476 1402 primi
501 1334 656 1380 Punici
684 1333 816 1380 caulis
837 1334 1014 1402 loquens
1035 1357 1046 1390 ;
1075 1336 1157 1381 Sed
1180 1352 1270 1383 ecce
1287 1332 1404 1380 ultro
1423 1337 1554 1380 viam
1575 1326 1876 1393 pandentibus

219 1407 342 1471 fatis
359 1437 369 1453 ‚
399 1419 476 1449 nec
503 1399 661 1462 occasio
692 1402 840 1465 defuit
871 1421 885 1447 :
920 1419 1022 1450 cum
1050 1402 1101 1448 de
1128 1408 1367 1449 Poenorum
1396 1402 1660 1463 impotentia
1677 1394 1879 1459 foedera-

227 1487 280 1522 ta
301 1470 449 1517 Sicilie
474 1472 639 1517 civitas
677 1484 944 1531 quereretur.
1003 1468 1130 1534 Apud
1158 1471 1338 1515 Livium
1360 1467 1475 1514 libro
1502 1480 1600 1512 xxx.
1644 1463 1792 1526 Scipio
1829 1462 1887 1510 ad
1931 1474 1934 1481 '

228 1536 530 1592 Hannibalem
559 1537 621 1583 ita
650 1534 843 1600 loquitur
870 1553 880 1581 :
912 1544 1070 1601 Neque
1098 1543 1250 1583 Patres
1286 1535 1420 1596 nostri
1438 1537 1595 1598 priores
1617 1531 1669 1577 de
1697 1532 1847 1578 Sicilia
1863 1567 1890 1590 ,Ι

226 1624 372 1673 neque
395 1622 470 1651 nos
492 1604 543 1649 de
568 1603 796 1667 Hispania
825 1604 1016 1668 fecimus
1047 1603 1205 1652 bellum
1224 1623 1238 1649 :
1273 1601 1331 1656 ὠ·
1362 1617 1469 1649 tunc
1499 1601 1878 1649 Mamertinorum

217 1676 439 1739 fhciomm
458 1673 729 1733 periculum,
761 1668 819 1725 &¹
835 1688 958 1719 nunc
981 1676 1172 1735 Sagunti
1191 1670 1418 1719 excidium
1442 1669 1563 1717 nobis
1584 1670 1663 1732 pia
1679 1683 1732 1715 ac
1745 1667 1877 1730 justa

223 1744 477 1793 induerunt
500 1757 645 1789 arma.
1034 1759 1037 1760 ⁷

311 1827 327 1856 1
341 1830 382 1857 2.
426 1815 499 1865 38.
538 1816 576 1873 ’53
595 1803 775 1868 ἢᾶμῖροι
802 1808 997 1868 &vasso-<iv
1017 1808 1157 1864 σφίσιν
1173 1809 1314 1858 οαῖτοῖς
1333 1803 1568 1866 imminete
1593 1801 1873 1864 ἀπέρχῃ-1.]

228 1879 415 1930 Zonarae
426 1876 551 1922 verba
566 1875 658 1921 sunt
676 1876 719 1923 iu
746 1871 923 1921 historia
938 1874 1082 1922 obsessi
1109 1871 1134 1920 εὶ
1158 1875 1373 1921 Romanis
1391 1871 1555 1941 Rhegii
1570 1887 1579 1915 :
1594 1868 1669 1923 τὲς
1683 1879 1865 1934 Μαμερ-

226 1941 332 1995 ’τίνες
358 1943 436 1993 τὲς
463 1944 548 1990 τίω)
564 1941 771 1990 Meo-ltdba
783 1941 946 2002 ’έχονῷις
966 1941 1015 1993 ὲχς
1035 1941 1276 2004 συμμρὶχες
1297 1944 1333 1988 οἱ
1360 1940 1405 1986 ὠ
1422 1941 1549 2001 Ρηγίῳ
1570 1935 1865 1996 maiixv&

227 2008 777 2076 Zfflzofiqwffffimnfqu
803 2009 891 2057 haec
909 2011 938 2056 fi
966 2006 1065 2057 vere
1092 2008 1569 2058 scribuntur‚Romani
1584 2018 1712 2070 capto
1724 2006 1874 2073 Regio

228 2083 378 2146 copias
389 2079 767 2125 Mamertinorum
795 2079 1018 2126 auxiliares
1043 2075 1297 2146 &Rheginis
1320 2077 1502 2130 accitas,
1520 2075 1581 2120 ita
1594 2070 1870 2132 dimiserunt,
1931 2102 1933 2107 ·

227 2164 276 2197 ut
290 2147 491 2214 pastione
505 2146 642 2212 aliqua
658 2162 732 2210 per
746 2163 840 2192 eam
858 2147 1126 2194 occasionem
1135 2146 1427 2193 Mamertinos
1441 2144 1515 2190 libi
1529 2141 1864 2208 obstringerent.

227 2219 337 2266 Non
353 2214 564 2262 consentit
578 2214 667 2261 istis
681 2213 857 2280 Polybii
870 2217 1081 2262 narratio:
1100 2214 1183 2262 hoc
1197 2215 1318 2260 enim
1343 2213 1445 2260 loco
1456 2211 1719 2258 Mamertini
1742 2226 1873 2274 opem

227 2288 540 2333 Romanorum
554 2283 837 2347 implorantes
856 2318 867 2334 ‚
886 2284 1049 2331 nullam
1065 2284 1196 2330 aliam
1220 2281 1442 2348 petitionis
1465 2280 1545 2327 suae
1576 2279 1791 2325 rationem
1807 2278 1873 2324 al-

225 2352 378 2422 legant
396 2388 406 2406 ‚
427 2351 506 2398 nifi
522 2352 564 2400 τέ
578 2351 791 2410 ἑμᾴφυλον
805 2388 818 2409 ,
833 2352 948 2416 quod
963 2347 1092 2398 effent
1109 2369 1158 2398 ex
1173 2350 1320 2398 eadem
1349 2364 1460 2396 terra
1471 2349 1557 2396 orti
1570 2347 1652 2395 five
1666 2345 1839 2393 oriundi
1856 2363 1870 2396 τ
1931 2354 1933 2359 ’

227 2437 385 2485 nempe
400 2420 522 2467 Italia
542 2436 671 2466 :narn
685 2419 759 2484 qui
781 2420 827 2465 in
846 2420 993 2467 Sicilia
1007 2434 1126 2467 erant
1146 2418 1385 2483 Campani,
1404 2433 1451 2463 ex
1468 2416 1592 2463 Italia
1606 2414 1710 2462 illuc
1738 2415 1869 2476 traje-

229 2503 380 2535 cerant
398 2524 406 2540 ,
425 2488 491 2532 vel
516 2489 591 2553 ipsi
607 2486 674 2533 vel
688 2504 841 2534 eorum
858 2504 1051 2552 parentes
1072 2523 1082 2543 ‚
1100 2503 1145 2534 ut
1169 2501 1291 2534 antea
1308 2486 1511 2531 diximus.
1552 2489 1603 2530 In
1615 2483 1803 2550 Polybio
1825 2488 1869 2529 <Sc

227 2556 326 2605 aliis
339 2555 553 2602 historicis
579 2555 621 2604 022}
641 2557 854 2615 ὁμόφυλον
869 2561 911 2602 &
931 2556 973 2603 w*
996 2559 1228 2613 οἰλὶκὸφυλον
1245 2552 1350 2618 saepe
1374 2566 1676 2618 opponuntur,
1700 2566 1748 2598 ut
1761 2549 1872 2614 apud

229 2625 410 2675 Latinos
425 2623 662 2692 alienigena
677 2629 717 2670 δε
735 2623 938 2675 ineadem
949 2637 1056 2670 terra
1074 2624 1246 2690 genitus
1262 2644 1272 2676 ;
1290 2622 1357 2667 vel
1383 2620 1567 2681 ejusdem
1592 2620 1754 2687 linguae
1777 2617 1873 2664 ho-

231 2693 372 2742 mines
388 2727 399 2745 ,
414 2695 456 2737 &
474 2692 665 2738 Barbari.
709 2690 888 2738 Livium
902 2691 1107 2738 alterutro
1122 2689 1284 2756 semper
1299 2690 1434 2737 modo
1449 2706 1603 2739 vocem
1616 2691 1881 2750 mommo&

230 2774 393 2812 vertere
407 2757 738 2808 observavimus„
771 2758 887 2824 quod
902 2773 1045 2806 autem
1061 2761 1203 2827 gentis
1219 2760 1480 2806 communio
1502 2774 1589 2804 non
1604 2751 1872 2824 significetur

229 2827 513 2894 appellatione
534 2826 734 2888 ὅμοφόλε
754 2862 765 2882 ,
799 2826 981 2873 ostendit
998 2828 1116 2874 locus
1131 2826 1301 2894 Polybii
1328 2824 1352 2874 ὲ
1376 2826 1488 2876 libro
1503 2842 1570 2872 x1.
1598 2825 1672 2872 ubi
1702 2823 1867 2883 ὁμόφυ-

232 2901 385 2952 λῷιδε
401 2897 586 2954 ἑμοεθνὲς
608 2910 814 2961 tanquam
839 2911 903 2942 res
931 2895 1211 2943 diverliffimae
1227 2895 1488 2961 separantur:
1518 2892 1591 2956 noti
1608 2915 1674 2956 περ
1700 2892 1762 2951 ἐχ
1790 2891 1871 2938 οἷον

232 2964 437 3026 ὁμοεθνέσι
467 2999 480 3020 ,
511 2967 601 3014 οὲἃῧ
627 2964 716 3024 ε’ἅΓ
744 2963 972 3028 ὁμοφύλοις
992 2963 1276 3031 χςηπίρᾃυῷο
1312 2962 1572 3029 ςμοῖφπέδὶις.
1607 2965 1686 3029 qui
1719 2975 1871 3008 tamen

946 3063 949 3066 <
1732 3034 1871 3091 impe·
