1935 3458
346 108 776 164 COMMENT.
821 121 910 163 ΙΝ
958 101 1412 162 ΡοιΥΒῙυΜ.
1598 118 1705 179 159

66 201 231 264 Vigimi
255 205 436 249 omnino
469 200 710 263 legionibus
737 198 794 252 ό*
819 214 913 246 crx.
952 193 1152 243 navibus
1180 197 1312 258 longis
1338 217 1400 244 res
1429 206 1636 247 Romanu
1665 213 1712 244 eo

61 286 177 315 anno
200 267 334 328 gesta.
372 268 484 314 libro
515 267 732 333 sequente:
778 274 864 312 Sex
890 261 1127 327 legionibus
1155 268 1373 310 Romanis
1401 284 1445 311 eo
1472 281 1592 310 anno
1624 267 1710 328 usa

62 336 183 398 Resp.
215 348 323 382 erat.
372 336 450 382 lib.
471 353 622 382 xxxxv.
650 335 825 396 placuit
852 335 936 379 οὲῗο
973 332 1149 375 omnino
1178 330 1354 397 legiones
1384 334 1526 391 efflent.
1582 333 1712 380 Vides

61 418 140 466 pro
155 401 408 450 conditione
433 418 685 467 temporum
704 399 838 445 aliurn
854 412 980 461 atque
994 396 1128 442 alium
1155 393 1278 441 suille
1302 396 1530 463 legionum
1557 414 1714 447 nume..

63 484 178 515 rum.
216 471 419 536 Polybius
433 484 576 516 tamen
593 468 666 532 qui
686 466 836 511 multis
861 465 952 529 post
978 464 1100 508 annis
1116 462 1322 511 scribebat
1337 499 1348 518 ‚
1375 464 1540 510 videtur
1554 464 1710 524 dicere,

59 539 290 600 quotannis
316 551 497 603 quatuor
525 535 727 581 duntaxat
755 534 946 599 legiones
985 530 1128 578 solitas
1155 530 1382 578 conscribi.
1419 533 1496 577 Sed
1518 531 1712 596 loquitur

59 605 210 649 austor
227 604 277 649 de
306 605 483 667 antiquo
507 606 614 665 Pop.
645 606 781 650 Rom.
809 601 1010 646 instituto
1040 633 1051 653 ,
1071 600 1190 664 quod
1214 600 1359 646 multo
1389 615 1487 646 ante
1514 598 1711 651 obtinuit

61 688 191 735 quam
213 688 260 717 ex
279 672 401 717 ltalia
420 670 568 733 pedem
585 663 784 715 efferrent
805 667 1012 716 Romani.
1060 667 1260 714 Solebant
1274 668 1393 713 enim
1411 702 1422 723 ,
1439 668 1468 714 si
1482 667 1596 733 quod
1618 667 1712 719 bel-

58 737 152 785 lum
187 732 286 783 esset
313 737 548 804 gerendum
575 737 674 782 duas
700 737 892 804 leglones
919 737 994 781 uni
1022 734 1200 781 Consuli
1228 736 1457 804 affignare:
1484 749 1612 800 atque
1635 738 1708 790 hic

60 820 148 851 erat
162 822 288 870 quem
306 810 517 851 vocabant
532 804 813 852 Consularem
828 805 1081 850 exercitum.
1118 804 1176 850 sin
1198 802 1359 849 bellum
1373 796 1473 849 esset
1487 807 1708 867 periculo..

58 871 157 921 slus,
185 877 223 917 8<
254 873 490 932 majoribus
514 873 751 940 gerendum
786 871 972 925 viribus,
1005 870 1117 917 binae
1136 869 1348 918 ambobus
1373 867 1492 918 Coss.
1514 871 1707 938 legiones

60 939 344 986 tradebantur.
381 943 466 987 Hae
488 938 582 986 sunt
611 955 793 1006 quatuor
819 939 1009 1006 legiones
1024 955 1127 1004 quas
1155 939 1225 986 hic
1240 940 1298 985 ait
1326 939 1534 1005 Polybius
1556 949 1599 989 &
1621 944 1706 992 ite..

58 1024 157 1054 rum
183 1007 295 1054 libro
310 1023 389 1055 111.
411 1025 508 1075 pag.
528 1023 698 1056 cccxu.
724 1013 764 1055 ὅ(
783 1008 950 1054 Flavius
964 1008 1172 1075 Vegetius
1195 1007 1308 1053 libro
1326 1023 1406 1054 111.
1425 1025 1517 1072 cap.
1535 1011 1700 1074 primo.

59 1075 144 1122 Etli
170 1091 316 1121 autem
348 1076 587 1137 majoribus
611 1075 750 1139 copiis
776 1073 856 1121 fuit
887 1076 1102 1125 Romanis
1133 1093 1263 1139 opus,
1296 1074 1370 1122 ubi
1391 1092 1543 1122 eorum
1568 1081 1706 1128 crevit

56 1142 291 1206 imperium
317 1164 327 1196 ;
358 1143 509 1191 maurit
549 1160 696 1190 tamen
724 1141 1007 1190 nihilominus
1033 1143 1277 1190 institutum
1304 1159 1444 1196 vetus,
1459 1145 1705 1213 semperque

55 1211 184 1271 justus
201 1211 482 1279 &legitimus
499 1211 654 1259 modus
672 1210 919 1259 Consularis
945 1212 1151 1258 exercitus
1167 1208 1249 1257 fuit
1263 1210 1443 1259 duarum
1460 1213 1700 1282 legionum:

57 1278 208 1343 quibus
223 1294 367 1326 tamen
383 1281 484 1327 alias
498 1279 751 1339 adjiciebant
775 1293 902 1344 prout
917 1295 981 1325 res
999 1285 1040 1326 <Sc
1065 1295 1263 1343 tempora
1291 1279 1539 1328 videbantur
1553 1282 1702 1347 posce-

58 1363 116 1400 re.
153 1346 230 1392 Sed
244 1363 398 1410 praeter
409 1348 664 1396 Consulares
687 1346 894 1394 exercitus
910 1346 1150 1394 ordinarios
1174 1343 1290 1393 fuere
1315 1347 1495 1413 persaepe
1506 1350 1701 1416 aliiquos

58 1414 336 1464 Proconsules
372 1431 444 1462 aut
467 1419 674 1463 Praetores
702 1414 905 1484 regebant
937 1450 949 1469 ,
979 1431 1049 1462 aut
1076 1416 1149 1462 alii
1172 1414 1329 1480 quibus
1354 1431 1472 1462 extra
1499 1418 1698 1470 ordinem

57 1482 296 1546 imperium
320 1477 420 1529 esset
441 1483 748 1530 demandatum
765 1519 776 1540 ‚
789 1499 834 1530 ut
859 1483 903 1528 in
919 1483 1116 1548 Scipione
1133 1482 1340 1530 Africano
1356 1486 1413 1530 est
1442 1481 1622 1542 faCturn,
1635 1504 1702 1534 at·-

56 1566 136 1614 que
152 1550 260 1596 aliis.
304 1553 371 1597 De
391 1568 575 1600 nurnero
590 1552 788 1599 rnilitum
803 1553 846 1597 in
867 1568 1030 1617 quaque
1053 1551 1228 1620 legione
1241 1551 1336 1598 vide
1358 1551 1410 1598 ad
1432 1552 1591 1600 librum
1609 1570 1702 1602 ter-

58 1618 172 1664 tium
189 1618 421 1665 &sextum¹
459 1619 535 1666 Sed
560 1625 601 1666 &
625 1621 711 1678 jam
744 1635 840 1665 ante
862 1618 1032 1665 dietum
1056 1654 1068 1674 ,
1095 1621 1318 1688 legionem
1330 1624 1582 1668 Romanam
1605 1640 1699 1688 qua:

57 1683 220 1753 Rhegii
243 1687 453 1732 collocata
467 1685 601 1733 fuerat
616 1686 809 1750 praelidio
831 1704 902 1734 cra
917 1701 991 1734 cm
1006 1704 1028 1735 c
1040 1704 1053 1733 1
1064 1706 1087 1735 3
1103 1703 1182 1736 clo
1198 1687 1396 1735 militum
1407 1684 1529 1735 fuisse
1542 1707 1552 1735 :
1565 1707 1694 1756 quern

55 1768 100 1797 ea
116 1765 241 1799 aetate
255 1747 334 1798 esse
350 1770 580 1801 numerum
597 1754 742 1801 scribit
755 1753 979 1820 Polybius.

127 1836 194 1865 21.
227 1834 299 1875 14.
337 1844 380 1882 oq
414 1822 572 1871 πλέες
589 1821 848 1881 ιίφιςῡέίιᾶυεᾳ
865 1822 1008 1870 vimis
1032 1823 1300 1885 ωπτὶἦῑνᾌ)
1328 1822 1569 1883 rumque]
1606 1826 1698 1872 Zo-

57 1903 176 1934 naras
204 1885 255 1932 de
274 1886 340 1934 his
362 1888 606 1935 consulibus
624 1887 793 1935 scribit:
815 1885 903 1953 λβ
918 1892 951 1937 ‹23
966 1890 1069 1937 nn‘oa
1086 1891 1176 1950 ὁμέ
1197 1911 1239 1936 τε
1260 1891 1529 1954 πορώόμὲὶροι
1546 1897 1615 1951 ,4905
1633 1892 1696 1939 ὣ-

54 1959 111 2016 χῖἱ
126 1988 138 2004 ,
157 1955 315 2005 rohas}
341 1957 551 2020 ὁμςλογίᾳ
577 1956 861 2017 παρεςη’σωφ’ᾦ.
899 1956 1095 2018 insulam
1108 1972 1407 2021 p-:rvagantes
1424 1995 1435 2013 ,
1453 1960 1696 2022 modojun-

55 2026 131 2068 ais
153 2025 282 2085 copiis
301 2058 311 2077 ‚
341 2024 463 2070 modo
485 2022 642 2084 divists
668 2058 680 2074 ,
710 2026 868 2071 multos
890 2024 1063 2087 populos
1090 2026 1152 2072 ud
1187 2026 1451 2073 deditionem
1481 2030 1698 2092 compule-

52 2103 172 2138 runt.
211 2090 286 2136 Sed
311 2092 370 2137 rei
395 2092 523 2159 gestae
548 2092 745 2139 ordinem
768 2106 861 2157 pete
892 2089 916 2139 ὲ
942 2091 1127 2139 Diodori
1157 2092 1335 2160 Eclogis
1358 2090 1381 2140 ὲ
1407 2095 1521 2141 libro
1549 2111 1691 2144 xx111.

53 2160 211 2207 Narrat
240 2158 310 2205 ille
336 2174 502 2206 tantam
531 2156 649 2207 fuifle
665 2176 761 2207 tum
784 2161 928 2207 Sicilia
942 2175 1037 2207 tota
1052 2161 1441 2210 consternationem
1457 2200 1469 2221 ,
1484 2179 1530 2210 ut
1546 2181 1695 2211 varr.

53 2226 224 2273 urbium
255 2226 404 2291 populi
429 2227 552 2275 fimul
578 2228 843 2276 deditionem
869 2225 1050 2275 fecerint
1074 2261 1088 2283 ,
1125 2243 1251 2294 atque
1275 2228 1367 2277 haec
1397 2232 1453 2278 est
1474 2231 1694 2296 zhargam?

53 2297 122 2354 χρᾷ
140 2293 408 2350 κωῧέπληξις
434 2297 675 2343 Siculorum
690 2314 819 2361 quam
843 2295 914 2343 hic
927 2312 1052 2344 vocat
1068 2297 1290 2363 Polybius,
1319 2301 1568 2364 Eutropius.
1608 2308 1694 2344 Va-

49 2363 149 2409 lerio
164 2358 220 2414 &²
239 2372 308 2410 Μ.
326 2366 538 2412 Οὸῖαεὶίὶο
558 2364 806 2427 consulibus
819 2369 864 2411 in
881 2366 1034 2412 sicilia
1049 2366 1079 2412 d
1097 2373 1304 2413 Romanis
1330 2387 1392 2414 res
1407 2369 1697 2429 mugnaegestae.

43 2430 171 2491 sunt.
213 2434 573 2480 Taurominitanz'
588 2469 598 2488 ‚
619 2434 895 2496 Catanenses
921 2433 978 2486 &⁸
1005 2447 1205 2498 practerea
1221 2439 1554 2501 quinquaginta
1576 2439 1695 2482 civi-

52 2510 164 2544 tates
189 2501 237 2543 in
257 2497 394 2557 fidem
419 2514 591 2564 acceptae
604 2501 736 2563 sunt.

122 2579 186 2611 21.
227 2581 294 2621 17.
337 2563 518 2629 ἒῇῐὲρων
532 2571 677 2630 θεωρῶν
695 2565 779 2615 viu>
797 2565 1054 2630 λῘΘις-ξοπῖαἶ
1070 2569 1141 2627 5591*
1168 2569 1448 2626 κοιπέπῆηξιν
1465 2572 1540 2618 π’ἷν
1558 2579 1688 2620 Σικε-

51 2634 237 2690 handu]
276 2634 428 2679 Causas
443 2650 536 2698 quae
553 2637 794 2683 Hieronem
808 2635 1071 2700 impulerunt
1086 2672 1097 2690 ,
1119 2651 1164 2683 ut
1187 2638 1334 2685 relicsta
1350 2637 1690 2707 Carthaginien-

4 2694 5 2698 ’
49 2694 152 2745 fium
177 2699 377 2746 societate
395 2704 609 2749 Romanis
640 2703 677 2751 se
693 2705 937 2771 adjungeret
954 2740 966 2757 ‚
991 2704 1091 2750 duas
1117 2703 1240 2752 affert
1258 2705 1491 2772 Polybius,
1519 2723 1692 2756 metum

52 2763 317 2822 Siculorum,
345 2768 732 2818 &admirationem
763 2773 923 2819 virium
946 2777 1281 2829 Romanorum3
1309 2774 1413 2823 adde
1437 2776 1614 2822 tertiam
1641 2793 1692 2822 ex

6 2866 9 2875 .
50 2832 276 2890 Pausania,
303 2835 418 2902 quod
450 2838 656 2897 judicaret
680 2842 819 2886 Hiero
841 2841 901 2888 τοί
936 2837 1130 2898 Ρωμφεᾶων
1152 2842 1405 2907 βεξοᾳᾶπρφ
1436 2845 1471 2894 ἐς
1505 2845 1654 2905 φιλίου
1676 2878 1690 2900 ,

0 2906 10 2942 ἑ
49 2905 266 2949 Romanos
284 2907 330 2950 in
344 2909 551 2953 amiczttu
569 2905 723 2966 &fide
733 2908 961 2969 servanda
975 2909 1270 2972 effefirmiores
1289 2910 1346 2965 ὡ*
1363 2912 1689 2971 constantiores.

6 2986 9 3009 ;
48 2970 212 3016 notaest
229 2971 437 3020 omnibus
458 2969 559 3021 fides
576 2976 733 3023 Punica
748 3011 760 3032 ,
782 2976 845 3022 vel
857 2977 1001 3041 potius
1022 2975 1218 3042 perfidia.
1256 2979 1476 3029 Pausanias
1490 2996 1580 3027 non
1596 2994 1692 3025 tam

1617 3044 1688 3092 sua
