1935 3458
242 127 307 167 η
673 98 1412 174 Βεὴῐοᾼτῐο.

237 225 303 263 ne
317 204 415 262 illis
430 199 640 282 quidem
658 204 774 282 ipsis
788 206 1043 263 Romanis
1059 205 1130 264 est
1145 203 1359 262 inferior
1373 254 1386 273 ‚
1421 204 1545 262 scire
1558 248 1575 275 ‚
1597 211 1651 263 &
1668 204 1765 264 hoc
1780 209 1861 264 lo-

233 309 301 343 co
316 285 705 367 recognoscere,
756 290 871 344 Fuit
890 291 1075 345 Romae
1105 305 1213 344 tum
1231 288 1482 368 temporis
1498 290 1630 346 inter
1646 293 1736 349 alia
1750 292 1859 365 ejus

235 364 403 425 saeculi
415 368 627 438 lumina,
645 377 710 430 L.
731 365 972 428 Lucullus
991 394 1004 428 ε
1026 372 1128 451 qui,
1144 372 1282 451 quod
1298 372 1692 429 adolescentiam
1710 374 1761 429 in
1774 370 1861 428 fo-

232 449 358 507 rensi
374 469 544 529 opera,
563 454 809 532 reliquam
828 471 1029 510 aetatem
1047 453 1327 510 universam
1344 456 1393 510 in
1411 475 1534 533 pace
1550 455 1858 526 traduxerat,

230 532 436 590 laudem
449 533 830 612 imperatoriam
847 557 1002 593 nemo
1016 537 1079 592 ab
1094 556 1158 592 eo
1172 557 1231 592 ex
1243 537 1514 616 speffoebat,
1530 538 1665 593 idem
1682 555 1857 594 tamen

232 613 572 678 Consulatum
596 620 771 675 nactus
789 662 805 688 ,
830 620 892 675 ad
911 619 1318 675 Mithridaticum
1336 620 1527 676 bellum
1546 620 1714 677 miss'us
1736 618 1808 675 est
1826 620 1858 681 ὲ,

230 702 433 755 Senatu.
482 700 642 778 Igitur
658 722 814 779 quum
832 703 1113 757 toturniter
1142 709 1193 759 δε
1217 701 1598 781 navigationem
1617 701 1855 758 consum-

229 777 395 859 pfifl'et
410 785 596 859 partim
617 783 667 838 in
685 785 1039 860 percontando
1054 784 1080 839 a
1098 785 1272 863 peritis
1287 822 1301 848 ,
1331 786 1518 864 partim
1534 785 1679 840 rebus
1699 783 1854 863 gestis

229 865 463 942 legendis
480 908 496 934 ‚
513 866 581 920 ait
595 868 901 946 eloquentiae
923 870 1174 924 Romanae
1190 887 1368 944 parens
1385 905 1401 930 ,
1431 868 1485 922 in
1505 865 1678 924 Asiam
1692 866 1855 923 factus

228 945 512 1024 imperator
529 949 668 1003 venit
687 993 702 1017 ‚
729 950 814 1029 qui
831 966 937 1004 erat
955 951 1124 1005 Roma
1141 946 1398 1029 profecfrus
1427 950 1497 1006 rei
1523 949 1753 1005 militaris
1771 968 1853 1004 ru-

229 1028 325 1086 dis.
371 1031 441 1085 Et
456 1028 625 1103 adjicit
642 1032 812 1097 idem3
832 1049 1031 1108 tantum
1051 1034 1417 1110 imperatorem
1432 1032 1483 1087 in
1503 1032 1650 1087 omni
1664 1050 1854 1111 genere

248 1142 251 1144 -
272 1113 357 1167 elli
372 1113 640 1168 Lucullum
659 1111 795 1170 fuisle
809 1156 823 1181 ,
843 1115 1048 1192 praeliis,
1065 1115 1530 1194 oppugnationibus
1548 1162 1560 1182 ,
1586 1115 1848 1171 navalibus

228 1196 411 1273 pugnis
430 1236 444 1263 ‚
470 1190 734 1275 totiusque
749 1196 870 1253 belli
885 1196 1233 1253 instrumentis
1247 1241 1265 1269 ,
1296 1205 1347 1257 ἃ
1366 1213 1603 1276 apparatu
1620 1239 1636 1263 ,
1660 1213 1715 1252 ut
1731 1200 1848 1255 Rex

229 1277 562 1333 Mithridates
581 1278 696 1356 post
716 1280 1069 1336 Alexandrum
1088 1281 1335 1337 maximus
1351 1324 1366 1349 ,
1399 1281 1532 1336 hunc
1550 1281 1580 1339 ὲ
1606 1277 1655 1335 se
1683 1280 1848 1354 majo-

230 1378 341 1414 rem
356 1360 539 1416 ducem
558 1361 1005 1443 cognitum‚qu.>2m
1028 1382 1316 1442 quenquam
1335 1383 1514 1419 eorum
1543 1383 1673 1441 quos
1696 1361 1849 1443 legis-

226 1440 320 1509 set,
342 1439 600 1503 fateretur.
644 1444 748 1501 Hic
763 1449 903 1501 enim
920 1446 1005 1502 ille
1018 1444 1110 1515 est,
1128 1445 1372 1502 omnibus
1388 1444 1575 1501 steculis
1594 1445 1847 1501 admiran-

229 1523 637 1603 dusimperator,
667 1528 787 1605 qui,
819 1545 874 1584 ut
897 1527 1209 1584 aliainfinita
1236 1528 1465 1584 adversus
1484 1526 1846 1585 Mithridatem

228 1610 282 1662 &
313 1607 603 1687 Tigranem
622 1651 637 1677 ,
668 1612 824 1666 totius
844 1612 1081 1668 Orientis
1113 1611 1239 1665 duos
1265 1630 1411 1690 reges
1441 1606 1844 1689 potentissimo&

223 1686 379 1746 fortia
404 1686 534 1745 facta
549 1694 972 1770 praeterrnitta1n3
997 1713 1113 1749 cum
1128 1694 1310 1773 exigua
1337 1712 1491 1748 manu
1514 1692 1740 1747 militum
1760 1693 1844 1748 vix

226 1772 468 1829 undecim
489 1774 723 1839 millium,
748 1775 1139 1832 innumerabiles
1170 1774 1388 1831 hostium
1416 1774 1587 1853 copias
1613 1775 1843 1844 adortu3‚

221 1856 455 1933 peditum
484 1856 684 1910 caecidit
711 1857 774 1912 ad
800 1874 1010 1914 centum
1037 1858 1229 1927 millia3
1257 1859 1483 1937 equitum
1506 1858 1566 1914 ad
1589 1857 1839 1936 quinqua-

219 1936 365 2017 ginta
383 1959 396 2003 3
427 1940 629 2015 Regem
646 1959 822 2017 regum
840 1940 1127 2021 Tigranem
1145 1979 1159 2004 ‚
1196 1949 1246 1999 ἃ
1266 1938 1507 2020 quicquid
1528 1939 1706 2019 gladiis
1731 1943 1837 2014 jam

220 2017 394 2077 retusis
409 2021 575 2075 occidi
594 2041 697 2075 non
717 2039 949 2100 potuerat
963 2067 978 2091 ‚
994 2023 1043 2078 in
1062 2023 1216 2102 pedes
1235 2021 1283 2079 sc
1298 2024 1553 2096 conjicere
1569 2023 1838 2100 compulit.

217 2105 290 2162 Et
308 2101 508 2157 audebit
525 2102 783 2182 quisquam
802 2124 987 2184 negare
1002 2148 1018 2172 0,
1053 2106 1158 2161 vim
1174 2125 1285 2160 eam
1303 2104 1399 2162 effe
1418 2103 1676 2168 Historiae,
1696 2104 1835 2183 quod

219 2185 368 2242 initio
383 2184 676 2241 dicebamus
692 2224 708 2250 ,
740 2204 793 2242 ut
810 2189 955 2242 rudes
975 2208 1141 2244 rerum
1168 2195 1220 2245 ἅ*
1239 2189 1421 2243 idiotas
1438 2188 1585 2244 rebus
1603 2187 1840 2264 gerendis

215 2287 366 2345 aptos
387 2310 403 2336 ,
421 2271 475 2323 &
506 2268 739 2324 maximis
757 2267 1037 2349 quibusque
1065 2271 1356 2327 muneribus
1377 2289 1520 2347 pares
1536 2272 1699 2327 valeat
1723 2269 1837 2325 red-

217 2351 373 2406 dere?
414 2348 643 2411 Audebit
676 2351 941 2430 quisquam
966 2353 1182 2409 studium
1201 2360 1253 2411 &
1279 2372 1491 2432 operam
1512 2396 1527 2419 ‚
1556 2373 1665 2430 quae
1681 2350 1838 2431 gestis

214 2434 466 2506 majorum
482 2433 849 2512 cognoscendis
867 2435 1199 2513 impenditur,
1215 2455 1388 2513 parum
1407 2435 1598 2491 utiliter
1611 2436 1834 2490 colloca·-

214 2532 318 2570 tam
336 2515 540 2572 dicere?
561 2524 634 2570 Ar
650 2538 753 2572 non
769 2517 1099 2592 itajudicabat
1117 2518 1400 2597 Pompeius
1422 2519 1664 2597 Magnus3
1678 2536 1833 2596 quem

212 2598 264 2653 in
281 2599 363 2654 illa
382 2615 484 2653 tam
510 2596 707 2654 excelsa
722 2596 925 2655 fortuna
952 2623 1055 2657 non
1073 2600 1233 2679 piguit
1250 2621 1338 2679 per
1351 2600 1519 2658 literas
1537 2599 1564 2656 ἓι
1582 2596 1831 2676 Dionysio

211 2679 634 2737 Halicarnasseus}
652 2723 668 2746 ,
694 2681 906 2738 bomine
924 2687 1117 2741 Graeco
1136 2726 1153 2752 ,
1187 2682 1462 2738 admodum
1486 2683 1688 2738 erudito
1709 2681 1831 2738 Cri-

207 2763 316 2818 tico
331 2807 347 2833 ,
383 2781 559 2841 petere
575 2809 591 2830 ‚
624 2781 678 2819 ut
698 2762 836 2820 suum
853 2765 917 2822 de
933 2766 1212 2825 Herodoto
1227 2807 1241 2833 ‚
1272 2764 1583 2842 Thucydide
1601 2807 1613 2829 ,
1650 2767 1835 2821 Xeno-

208 2845 410 2924 phonte
426 2890 442 2916 ‚
473 2846 690 2904 Philisto
707 2892 722 2917 ‚
756 2852 810 2903 <Sc
834 2849 1195 2926 Theopompo
1211 2886 1226 2911 ‚
1256 2851 1567 2906 Graecorum
1597 2846 1830 2903 celeber-

212 2928 328 2988 rimi
344 2928 566 3010 nominis
581 2928 829 2989 historicis
849 2968 865 2999 ‚
891 2931 1134 3010 judicium
1161 2928 1564 3012 sibiexponeret.
1610 2929 1829 3066 Nodnita

1639 3029 1689 3086 ju
1728 3028 1828 3066 ica-
