1935 3458
1595 100 1703 163 239

68 197 152 242 tua
172 198 329 240 rerum
354 179 602 260 istiusmodi
628 177 879 255 cognitione
899 219 915 246 ,
937 196 996 234 ex
1021 194 1177 234 eorum
1202 179 1400 253 operibus
1425 184 1708 259 voluptatem

69 282 251 340 caperes
284 285 368 323 non
403 266 691 322 mediocrem.
751 268 859 334 Qua
898 254 999 316 cum
1037 265 1241 316 recordor
1265 298 1281 325 ‚
1310 269 1512 321 recordor
1545 285 1708 329 autem

65 348 297 423 quotidie,
324 367 402 404 nec
429 351 552 401 enim
578 347 815 419 quicquam
842 345 953 398 mihi
972 342 1219 420 jucundius
1248 344 1326 420 effe
1349 357 1485 420 potest
1520 366 1706 411 tuorum

60 449 174 506 erga
210 449 284 486 me
308 433 579 488 meritorum
607 425 912 481 recordatione
938 463 955 490 ‚
989 446 1075 482 non
1099 427 1266 504 poffum
1297 448 1383 483 non
1414 450 1524 505 agro
1552 454 1709 493 animo

55 511 222 588 ferre,
241 528 290 570 te
309 514 484 569 diutius
511 506 541 565 a
569 505 688 563 nobis
718 506 888 583 abeffi,
924 509 991 577 his
1015 516 1265 587 prasertim
1289 514 1555 587 temporibus
1574 522 1712 588 ,qui-

67 594 148 650 bus
180 597 444 672 praclarum
489 596 546 651 G
565 615 605 650 R
630 613 664 649 E
690 613 728 648 G
751 611 786 647 o
807 614 846 650 R
866 612 888 648 1
907 611 928 646 1
984 594 1030 647 X
1054 596 1119 648 ΙΙ
1145 596 1188 648 Ι.
1240 595 1468 670 Pontificis
1506 601 1701 673 optimi,

67 681 354 751 maximique
376 673 632 751 institutum
668 674 722 728 de
747 672 895 750 sacris
921 673 1045 731 libris
1070 712 1088 739 ,
1131 678 1206 733 vel
1233 676 1465 734 hominum
1491 681 1703 749 incuria,

64 764 141 818 vel
167 759 458 835 improbitate
487 757 699 831 corruptis
719 796 734 821 ,
754 751 839 832 suo
866 758 1007 813 nitori
1025 755 1310 835 restituendis
1333 797 1349 825 ‚
1374 765 1516 836 deque
1542 763 1706 820 biblio-

61 844 190 898 theca
209 842 424 898 Palatina
457 840 662 895 omnium
688 841 1011 917 vetustissima‚
1043 843 1469 920 locupletiffimaque
1488 846 1584 929 post
1615 860 1708 905 Va-

57 926 260 981 titanum
285 922 486 998 operibus
512 921 961 1000 magnificentissimis
1000 967 1016 993 ‚
1062 924 1133 990 ἔγ
1160 944 1261 982 cum
1287 926 1383 1003 ipsa
1419 934 1703 1004 antiquitate

59 1006 376 1082 comparandis
405 1020 708 1075 exornatum,
738 1006 967 1083 illustriori
992 1010 1081 1063 loco
1111 1012 1394 1083 aperienda,
1420 1015 1701 1072 ordinanda-

62 1105 147 1164 que
176 1091 459 1146 vehementer
489 1088 760 1164 adjuvares.
823 1088 974 1165 Cujus
1010 1092 1193 1165 quidem
1237 1095 1464 1171 pontificis
1477 1098 1707 1173 fingulari

59 1190 148 1227 non
162 1167 314 1248 solum
343 1173 606 1250 sapientia,
627 1172 713 1248 sed
739 1174 884 1228 etiam
917 1173 1094 1248 pietate
1119 1174 1324 1252 effec‘lum
1355 1178 1446 1251 est,
1472 1196 1524 1236 ut
1549 1184 1706 1239 ortho-

59 1256 184 1310 doxa
208 1255 318 1332 fidei
339 1257 632 1331 propaganda
658 1255 796 1332 causa
814 1297 831 1324 ‚
867 1265 1121 1314 Gracorum
1152 1260 1329 1335 collegio
1353 1263 1401 1315 in
1431 1263 1542 1317 urbe
1573 1266 1704 1343 insti-

58 1351 188 1400 tuto,
205 1339 452 1416 adibusque
469 1381 485 1408 ,
501 1349 555 1397 (φ
574 1338 703 1414 censu
729 1338 986 1394 liberaliter
1011 1348 1143 1399 anuo
1159 1384 1174 1410 ,
1195 1343 1514 1418 confluentibus
1535 1343 1584 1401 eo
1593 1350 1702 1425 jam

54 1421 256 1493 undique
280 1418 304 1476 ὲ
332 1422 482 1478 media
513 1424 684 1477 Gracia
704 1423 922 1496 praeclara
935 1423 1091 1480 indolu
1117 1418 1493 1501 adolesientulis‚
1535 1435 1698 1488 Graeca

56 1503 222 1558 littera
238 1503 296 1559 ab
311 1505 501 1560 interitu
521 1545 534 1568 ,
562 1505 638 1576 qui
660 1503 767 1580 jam
785 1506 1055 1562 imminebat
1070 1545 1085 1572 ‚
1112 1510 1346 1565 vindicata
1365 1551 1380 1577 ‚
1401 1514 1695 1590 reviviscant.

58 1585 151 1639 Sed
169 1585 272 1650 hac,
291 1589 470 1659 quando
482 1603 527 1642 te
542 1588 589 1642 in
609 1589 739 1663 Regis
756 1586 848 1661 post
867 1591 1097 1645 hominum
1113 1595 1387 1648 memoriam
1409 1598 1606 1652 maximi
1618 1616 1701 1651 ne-

48 1668 189 1742 gotiis
220 1683 303 1724 tua
330 1669 440 1746 fidei
459 1712 475 1738 ‚
496 1668 830 1744 prudentiaque
857 1675 1091 1747 commissis
1114 1690 1323 1750 occupato
1359 1713 1375 1740 ,
1407 1693 1564 1752 optare
1592 1699 1701 1735 ma-

43 1750 120 1824 gis
145 1749 367 1825 possumus
390 1795 404 1820 ‚
430 1746 570 1825 quam
585 1751 807 1827 sperare3
851 1755 1114 1831 reditusque
1139 1759 1208 1813 tui
1236 1759 1340 1833 spes
1366 1780 1454 1815 non
1481 1761 1561 1817 illa
1589 1765 1694 1836 qui-

54 1832 192 1895 dent,
220 1848 273 1888 ut
308 1850 362 1891 tu
381 1835 572 1911 scribis,
606 1850 763 1909 erepta
790 1834 938 1900 nobis,
963 1839 1049 1913 sed
1074 1841 1121 1894 in
1146 1841 1280 1895 aliud
1303 1856 1480 1918 tempus
1505 1844 1565 1920 est
1583 1862 1695 1920 pro-

0 1980 1 1984 *
59 1915 191 1980 lata,
221 1919 447 1974 mittimus
474 1921 537 1974 ad
562 1934 609 1974 te
634 1919 803 1973 librum
839 1917 1145 1977 benevolentia
1175 1921 1324 1999 nostra
1345 1943 1695 2001 argumentum,

0 1994 1 2041 ἶ
54 1996 111 2057 (9¹
145 2011 328 2055 tuorum
357 2021 466 2078 erga
496 2021 567 2058 me
596 1999 838 2075 officiorum
865 2001 1170 2077 testimonium
1199 2048 1216 2074 ‚
1245 2021 1297 2061 ut
1332 2027 1420 2065 non
1454 2012 1534 2065 uni
1579 2012 1694 2083 tibi,

1 2122 3 2126 .
44 2080 130 2155 sed
155 2082 357 2138 omnibus
375 2125 388 2145 ,
428 2086 687 2160 &quidem
713 2083 920 2160 illustrius
944 2105 1049 2142 mea
1064 2087 1113 2145 in
1138 2104 1184 2143 te
1207 2104 1372 2164 pateat
1388 2091 1690 2168 observantia.

54 2163 161 2222 Vale
188 2176 330 2222 Roma
353 2187 414 2224 x1
429 2188 472 2225 1.
502 2167 699 2225 Kalend.
718 2167 929 2224 Decemb.
962 2174 1042 2230 M.
1073 2173 1150 2229 D.
1175 2174 1445 2231 LXXXI.

1405 2779 1688 2836 FULVI
