1935 3458
525 121 1259 180 Dnn1c111104
1663 139 1706 196 7

79 216 476 284 urbem‘corona
498 221 765 304 cingendi,
797 214 1246 283 circumvallandi,
1278 213 1592 271 munitiones
1615 233 1704 271 ex.

81 306 332 377 struendi,
347 304 587 363 stationes
610 300 927 365 collocandi,
945 297 1211 357 machinas
1227 297 1530 375 expediendi
1547 334 1563 360 ,
1581 316 1709 377 qua-

81 390 243 449 tiendi
257 388 457 447 moenia
470 429 487 455 ‚
505 385 765 443 cuniculos
785 381 1002 440 cavandi
1019 425 1034 452 ,
1050 379 1196 438 fofl‘as
1214 378 1537 456 complendi,
1556 380 1608 435 in
1626 380 1707 435 in-

83 473 227 532 fidias
256 468 476 529 obsessos
494 467 763 533 eliciendi,
792 464 930 522 inani
956 464 1123 544 specie
1152 462 1406 524 terrendi,
1438 459 1707 538 postremo

85 553 393 635 irrumpendi
421 577 440 627 3
467 552 691 607 illiterati
712 550 951 630 ignorant
977 592 994 618 ,
1025 547 1112 626 qui
1140 564 1308 624 neque
1337 542 1588 621 stipendia
1611 545 1711 599 ulla

86 637 347 706 fecerunt,
377 653 546 716 neque
574 630 921 688 obsidionibus
955 649 1177 708 unquam
1206 623 1557 683 interfuerunt.
1603 622 1671 678 sic
1690 666 1709 692 ,

88 719 266 778 metari
283 715 439 773 castra
454 716 577 797 quid
591 713 669 778 sit,
689 716 862 772 locum
877 714 1069 794 eligere
1083 709 1171 767 sibi
1185 708 1525 766 commodum
1543 749 1558 772 ‚
1577 706 1713 765 hosti

83 800 365 865 inimicum,
385 799 580 881 vigilias
601 794 871 876 disponere
887 840 904 866 ‚
925 795 1130 877 agmine
1145 792 1394 873 quadrato
1409 789 1715 870 procedere,

83 883 246 941 aciem
262 881 527 952 instruere,
542 897 693 960 atque
708 879 927 936 eundem
943 877 1224 934 exercitum
1239 872 1568 932 modolatius
1583 893 1713 951 pan-

83 966 225 1035 dere,
246 964 411 1025 modo
428 965 480 1022 in
492 963 758 1045 angustum
775 962 1114 1031 coar&are,&
1135 976 1217 1015 aut
1231 959 1281 1015 in
1297 976 1507 1021 cornua,
1523 953 1716 1013 sinuata
1796 1018 1799 1021 ,

82 1045 251 1104 media
271 1066 415 1126 parte
430 1086 445 1113 ‚
462 1066 672 1105 curvare
690 1094 702 1113 ,
727 1061 811 1101 aut
827 1046 964 1102 reeta
978 1041 1149 1099 fronte
1169 1041 1423 1121 explicare
1437 1078 1453 1104 ‚
1469 1038 1564 1095 soli
1579 1038 1716 1094 inter

80 1131 342 1188 literarum
366 1130 511 1188 rudes
527 1129 822 1208 intelligunt
840 1172 856 1198 ,
875 1128 961 1208 qui
981 1125 1070 1182 sub
1085 1130 1217 1201 Jove
1234 1123 1424 1205 frigido
1439 1121 1715 1201 aliquando

82 1210 396 1270 manserunt.
441 1212 542 1269 hoc
560 1212 780 1292 primum
797 1209 871 1269 est
889 1209 997 1267 usus
1015 1204 1322 1266 beneficium
1339 1230 1356 1275 3
1375 1206 1453 1261 cui
1473 1225 1560 1282 par
1579 1205 1712 1260 alte-

81 1316 213 1362 rum,
230 1293 440 1352 scientia
461 1295 674 1352 cavendi
691 1318 706 1364 ;
725 1314 844 1351 nam
866 1291 1192 1351 difficultates
1209 1338 1223 1358 ‚
1240 1290 1483 1370 pericula,
1498 1292 1548 1343 δε
1575 1285 1714 1343 casus

83 1378 230 1435 rebus
259 1379 496 1459 gerendis
524 1379 705 1438 solitos
735 1377 1046 1433 intervenire
1065 1421 1079 1440 ,
1112 1372 1221 1430 usus
1250 1373 1425 1429 docet.
1472 1370 1719 1426 meminit

82 1461 222 1519 enim
245 1461 325 1517 cui
339 1460 502 1521 dolet.
547 1460 774 1541 alioquin
789 1459 1026 1518 sexcenta
1053 1456 1232 1513 suntin
1248 1455 1394 1512 omni
1414 1454 1717 1532 inceptione

84 1541 374 1602 discrimina
389 1589 404 1614 ‚
432 1546 462 1604 ὲ
481 1545 664 1624 quibus
693 1562 873 1600 cavere
893 1540 981 1599 fibi
999 1561 1102 1597 non
1122 1538 1292 1618 potest
1308 1576 1324 1604 ‚
1352 1537 1439 1616 qui
1457 1534 1610 1592 fuerit
1622 1556 1718 1592 eo-

85 1647 195 1683 rum
217 1669 233 1695 ‚
269 1641 323 1680 ut
339 1630 512 1686 Graeci
528 1627 729 1690 dicunt,
759 1629 1054 1696 ἀνεννόητςῷι
1080 1651 1091 1684 :
1124 1623 1410 1701 inexpertis
1428 1619 1567 1676 enim
1586 1619 1717 1675 nihil

83 1706 333 1782 ejusmodi
347 1707 400 1763 in
415 1728 647 1766 mentem
665 1708 823 1767 venit.
867 1707 986 1762 inde
1005 1707 1089 1763 illa
1105 1727 1206 1762 vox
1236 1705 1395 1761 aliena
1411 1701 1715 1782 prudentiae,

85 1796 139 1848 ὃ(
158 1791 314 1870 quam
334 1791 492 1869 turpis
509 1790 743 1871 semper,
766 1805 876 1844 tam
893 1784 1183 1844 calamitosa
1200 1788 1420 1866 persaepe
1439 1829 1454 1852 ‚
1472 1787 1603 1843 Non
1620 1805 1718 1862 pu-

83 1874 278 1933 tabam.
329 1874 574 1930 Tertium
592 1872 889 1954 est,agilitas
905 1872 1138 1950 quaedam
1157 1876 1210 1928 &
1228 1868 1523 1937 dexterita5‚
1542 1868 1717 1924 munia

84 1956 223 2036 pacis
249 1971 335 2012 aut
350 1954 791 2036 belliexsequendi
809 1997 825 2023 ‚
851 1975 963 2033 quae
979 1952 1182 2034 agendo
1209 1951 1546 2007 contrahitur.
1595 1953 1718 2007 Ho-

86 2060 196 2095 rum
208 2040 360 2119 igitur
376 2039 551 2105 trium,
570 2057 623 2095 ut
638 2038 955 2118 postremum
971 2035 1250 2093 indocilem
1266 2036 1373 2091 usus
1390 2032 1718 2113 disciplinam

86 2120 415 2185 defiderat‚ad
428 2123 566 2200 quod
584 2124 717 2178 nulla
734 2120 974 2179 Historiae
990 2119 1309 2182 lectiomulla
1323 2115 1716 2193 meditati0‚per

85 2205 136 2261 se
148 2243 164 2270 ,
180 2204 269 2262 nifi
290 2204 491 2261 modica
507 2206 684 2263 saltem
698 2203 906 2261 accedat
923 2203 1224 2273 exercitatio
1238 2241 1252 2266 ‚
1271 2197 1441 2279 potest
1458 2198 1673 2278 aspirare
1695 2224 1711 2258 ε

86 2286 157 2342 ita
173 2287 272 2345 duo
286 2286 473 2365 priora,
493 2308 580 2344 cur
594 2308 737 2368 aeque
754 2287 908 2354 bene,
924 2302 1075 2365 atque
1090 2285 1213 2341 baut
1239 2283 1266 2341 s
1260 2285 1343 2340 cio
1356 2302 1417 2338 an
1436 2301 1543 2337 non
1559 2281 1716 2336 etiam
1798 2336 1801 2339 .

82 2371 270 2426 melius
285 2412 300 2438 ,
329 2368 577 2450 diligente
592 2379 643 2431 δε
660 2385 854 2427 attenta
872 2368 1216 2447 praestantium
1234 2365 1595 2423 historicorum
1612 2381 1717 2419 tra-

89 2452 590 2531 &ationeffloffimus
609 2447 1089 2532 consequi‚caufl]am
1107 2450 1346 2529 equidem
1365 2447 1525 2502 nuilus
1543 2447 1716 2505 video.

94 2536 279 2605 Certe,
299 2531 333 2588 fi
350 2537 620 2595 multitudo
635 2537 983 2617 negotiorum,
1004 2533 1040 2590 si
1055 2534 1267 2589 varietas
1286 2530 1510 2599 casuum,
1528 2527 1561 2586 si
1580 2530 1720 2585 mul-

93 2617 255 2695 tiplex
272 2635 547 2679 eventuum
562 2618 818 2678 diversitas
835 2658 849 2682 ‚
880 2617 914 2674 si
930 2617 1165 2697 cognitio
1184 2613 1512 2672 consiliorum
1542 2612 1715 2668 omnis

92 2700 297 2779 generis
317 2745 334 2771 ‚
362 2708 413 2759 &
431 2698 604 2761 sollers
634 2705 812 2760 talium
838 2700 1127 2759 observatio
1145 2738 1159 2764 ‚
1182 2701 1442 2757 elementa
1456 2694 1569 2752 sunt
1588 2701 1716 2752 Pru-

89 2784 277 2839 dentiae
297 2809 314 2859 3
345 2784 468 2862 quin
485 2785 544 2842 sit
569 2807 718 2866 prora
734 2794 783 2846 δε
806 2784 987 2864 puppis
1018 2783 1262 2840 doetrinae
1279 2779 1510 2839 Politicae
1527 2777 1718 2839 Histo-

95 2865 166 2921 ria
184 2911 200 2937 ‚
222 2886 380 2922 nemo
410 2870 600 2946 poterit
627 2889 829 2950 negare.
877 2868 1008 2924 Vult
1034 2865 1157 2922 scire
1171 2863 1354 2923 caussas
1371 2862 1549 2940 aliquis
1567 2900 1582 2925 a
1604 2880 1716 2939 quae

96 2949 338 3008 homines
365 2951 418 3009 in
445 2972 724 3010 commune
754 2949 1013 3010 consulere
1035 2952 1383 3031 compellant,
1415 2964 1499 3002 aut
1524 2944 1731 3010 rursm,-

961 3052 990 3087 a
1035 3053 1074 3108 4
1599 3045 1711 3106 quae
