1935 3458
525 87 1253 153 DEDICATIQ.
1530 98 1720 160 '43

89 192 276 272 scripta
294 191 510 271 legerat,
531 189 643 246 heic
657 185 958 246 describam.
1003 192 1227 252 Fortuna,
1246 184 1313 239 ait
1325 183 1440 247 ille,
1463 182 1584 258 apud
1595 191 1728 242 Gra-'-

90 297 160 335 cos
171 280 229 338 θ’
240 292 462 351 paganos,
483 273 538 348 est
542 273 822 348 gubernatio
841 269 999 325 mundi
999 266 1095 343 fine
1110 268 1202 324 ulla
1212 267 1500 340 providentia
1514 287 1530 321 :
1553 281 1723 322 autre-

90 379 195 418 rum
209 360 355 434 cursus
369 357 426 412 ab
444 360 620 413 incerta
634 355 697 410 ad
708 355 954 420 incertum,
974 352 1031 412 r&
1047 350 1094 405 id
1107 352 1223 422 quod
1237 366 1289 404 ca
1286 347 1345 425 su
1360 340 1599 423 sponte'que
1614 368 1719 407 eve.

92 447 182 501 nit.
209 458 262 497 at
275 460 349 496 nos
364 436 607 515 Christiani
630 439 685 493 D
696 455 805 492 fiuM
832 435 983 492 omnia
996 430 1312 508 administrare
1327 428 1591 506 confitemur
1607 451 1622 486 .·
1646 434 1725 487 id-

92 544 179 600 que
194 527 338 579 etiam
356 521 552 600 Polybius
565 520 696 575 dicit.
745 517 938 577 Pudeat
967 535 1102 572 nunc
1132 535 1221 571 eos
1238 557 1255 583 ,
1276 513 1363 593 qui
1380 512 1575 567 crimen
1591 512 1721 570 adeo

94 624 285 663 tetrum
301 619 406 661 tam
435 602 574 657 bono
588 599 822 680 scriptori
838 597 935 656 ausi
957 597 1069 655 sunt
1083 597 1393 676 impingere.
1437 591 1632 651 Pudeat
1656 594 1720 650 il-

92 690 198 747 lum
227 684 503 743 Politicum
521 728 538 754 ‚
579 684 668 763 qui
693 684 864 740 audire
893 681 1210 740 Christianus
1238 699 1395 759 quum
1423 676 1578 733 vellet
1592 720 1609 745 ‚
1656 676 1721 733 de

89 766 263 830 caussis
293 764 684 842 conversionum
714 788 825 846 quae
850 764 1077 845 imperiis
1104 762 1347 819 accidunt
1361 799 1377 826 ‚
1415 774 1522 814 tam
1550 755 1724 815 infeli·

89 855 283 907 citer&
313 847 518 906 absurde
531 848 884 929 pronuntiavit
901 891 917 919 ‚
951 847 1012 905 ad
1033 866 1271 902 numeros
1296 844 1548 900 lectorem
1575 840 1721 897 suum

87 952 332 990 revocans
354 957 371 1007 3
407 931 563 1013 quam
591 933 744 989 doffte
773 940 824 991 δε
858 932 1084 1010 graviter
1110 929 1356 1008 Polybius
1381 924 1514 982 libro
1541 922 1685 980 sexto
1701 946 1720 992 ;

87 1036 202 1073 cum
220 1012 431 1071 futuram
448 1016 575 1070 olim
594 1015 935 1072 mutationem
952 1013 1003 1069 in
1024 1016 1266 1070 Romana
1282 1013 1423 1088 Rep.
1450 1008 1590 1082 cujus
1617 1007 1722 1064 flo-

87 1096 420 1155 rentiflimam
447 1114 568 1153 tunc
584 1117 700 1153 cum
731 1098 950 1154 maxime
969 1112 1174 1152 aetatern
1192 1090 1297 1172 ipse
1323 1091 1563 1161 videbat,
1599 1111 1723 1147 cen·

87 1198 196 1237 tum
233 1178 337 1236 fere
362 1182 505 1239 annis
535 1182 668 1259 prius
694 1180 851 1260 quam
883 1179 1112 1238 eveniret
1126 1216 1142 1243 ,
1173 1174 1431 1234 verissime
1460 1173 1719 1251 praedixit.

85 1265 207 1322 Post
224 1282 302 1319 tot
318 1259 575 1344 tantasque
591 1271 643 1322 δε
658 1284 739 1319 eas
753 1263 881 1320 adeo
896 1261 1115 1342 insignes
1134 1280 1299 1316 rerum
1316 1258 1542 1324 virtutes,
1562 1252 1719 1312 facul-

82 1362 245 1403 tatem
260 1347 460 1403 dicendi
473 1347 526 1403 in
542 1347 747 1403 auciore
763 1365 868 1402 tam
885 1346 1051 1402 nobili
1064 1345 1320 1401 iaudatum
1334 1343 1423 1405 ire,
1440 1360 1556 1419 pars
1572 1337 1723 1396 fuerit

85 1429 297 1504 injuriae.
322 1431 373 1485 in
391 1451 494 1509 quo
511 1431 645 1485 nulla
658 1451 815 1509 quum
832 1428 1110 1508 eloquendi
1126 1428 1285 1483 virtus
1303 1445 1466 1480 rerum
1484 1421 1723 1499 scriptori

89 1510 354 1568 neceffaria
381 1511 686 1569 defideretur
715 1537 731 1582 3
778 1512 874 1568 hoc
901 1510 1293 1568 fundamentum
1325 1506 1623 1589 inger-itibus
1656 1506 1721 1561 il-

83 1594 144 1649 lis
170 1615 295 1674 quas
323 1592 631 1651 ostendimus
651 1593 1039 1673 superstructum
1053 1592 1276 1651 molibus
1295 1589 1358 1646 lic
1373 1588 1617 1652 obruitur,
1636 1588 1721 1644 vix

86 1693 140 1732 ut
157 1681 546 1754 appareat.Non
563 1676 811 1735 deei{·.{ed
826 1699 932 1734 non
946 1677 1141 1733 eminet
1155 1676 1207 1732 in
1223 1673 1456 1756 Polybio
1470 1667 1721 1729 facundia.

85 1759 212 1815 nihil
227 1757 352 1817 vero
371 1758 439 1814 est
457 1760 674 1837 iniquius
694 1759 789 1814 illis
803 1798 820 1825 ‚
852 1761 937 1839 qui
952 1762 1142 1816 nullam
1161 1775 1339 1836 putant
1354 1753 1450 1813 effe
1468 1755 1724 1833 eloquen-v

85 1843 228 1905 tiam,
242 1840 329 1897 nisi
346 1842 429 1897 ubi
449 1842 574 1898 nihil
589 1844 659 1896 est
678 1860 857 1918 praeter
874 1841 1470 1919 eloquentiam.Semper
1486 1835 1613 1891 mihi
1627 1856 1720 1913 ap·-

85 1926 249 2002 prime
265 1924 451 2002 placuit
467 1924 694 1981 Diodori
712 1926 863 1980 Sicuii
882 1923 1132 1982 sententia
1147 1968 1163 1992 ,
1190 1920 1550 1980 vehementius
1568 1918 1619 1974 in
1637 1917 1718 1973 hi.-

86 2007 272 2062 storico
287 2008 592 2086 eloquentiae
609 2006 824 2063 studium
847 2006 1207 2086 improbantis,
1261 2005 1560 2062 Verborum
1576 2002 1720 2057 enirn

85 2109 255 2145 curam
270 2090 500 2158 nimiam,
516 2110 684 2147 rerum
700 2087 804 2147 fere
821 2111 908 2171 par
922 2089 1140 2170 sequitur
1153 2089 1362 2146 incuria.
1398 2084 1592 2146 Oratio
1608 2084 1722 2141 vul-

87 2188 165 2228 tus
181 2173 336 2228 animi
350 2172 436 2229 est.
459 2192 511 2229 ut
526 2174 607 2229 hic
623 2172 772 2230 fuerit
785 2175 953 2253 gravis
967 2194 1051 2233 aut
1064 2171 1352 2233 solutus,ita
1365 2171 1521 2227 etiam
1536 2167 1622 2223 illa
1636 2164 1718 2224 vel

88 2251 255 2310 severa
269 2256 362 2312 erit
383 2258 460 2313 vel
475 2258 660 2314 mollis.
699 2256 901 2333 Polybii
914 2257 1178 2337 ingenium
1195 2253 1356 2313 verbo
1370 2251 1610 2329 judicavit
1625 2270 1716 2307 ex-

88 2337 277 2393 cellens
291 2339 463 2395 aufior
478 2339 666 2397 Strabo
681 2377 696 2405 ‚
730 2361 888 2418 quum
904 2341 1046 2396 illum
1062 2338 1335 2418 appellavit
1359 2339 1396 2398 ξ’·
1414 2335 1544 2403 ἕτως
1560 2344 1718 2401 «ἔειπες.

88 2421 341 2494 δασμῖρον
359 2426 530 2496 ἄνδρα,
548 2423 708 2480 virum
726 2422 854 2479 adeo
869 2420 1123 2489 serium‚&
1144 2423 1296 2478 rebus
1314 2419 1446 2478 seriis
1463 2416 1713 2475 deditum.

85 2520 202 2557 nam
222 2501 320 2557 hoc
338 2504 493 2560 voluit
509 2505 708 2564 Strabo.
724 2526 829 2561 non
844 2505 1148 2562 dubitabunt
1166 2505 1321 2585 periti
1336 2504 1397 2561 de
1411 2499 1720 2557 refizitudine

85 2581 231 2658 hujus
261 2584 430 2655 judicii
457 2592 509 2644 &
525 2590 681 2668 elogii
696 2589 938 2660 veritate,
962 2589 1049 2668 qui
1065 2589 1342 2669 diligenter
1355 2583 1717 2665 expenderint.

87 2665 213 2722 inest
231 2664 409 2724 sanein
426 2668 567 2743 hujus
582 2669 778 2752 scriptis
795 2690 971 2751 gratus
986 2672 1192 2751 quidam
1211 2673 1315 2728 sine
1331 2672 1436 2727 ullo
1452 2664 1571 2724 fuco
1585 2666 1720 2723 veri-

86 2750 203 2803 tatis
220 2752 381 2815 color,
400 2758 450 2810 &
474 2753 612 2831 quod
627 2756 804 2812 Graeci
821 2756 1004 2813 Critici
1018 2756 1275 2834 appellant
1295 2762 1352 2817 τὰ
1379 2753 1646 2830 {samaiim
1674 2752 1718 2830 ᾗ

87 2833 146 2890 τὸ
166 2839 388 2923 ᾠαληθὲς
409 2840 451 2897 P
472 2839 688 2898 (ἐννοιῶν.
715 2839 970 2915 Equidem
985 2838 1175 2896 rideam
1196 2860 1257 2894 an
1272 2840 1509 2918 indigner
1524 2831 1734 2901 nesci0,·

84 2931 288 3001 quoties
316 2918 444 2998 apud
477 2919 710 2977 Dionem
727 2919 1018 2995 Pharsalicae
1051 2923 1131 2981 vel
1146 2922 1450 3003 Philippicae
1477 2935 1559 2977 aut
1583 2915 1736 2972 fimi-22

115 3037 121 3049 1
1588 2999 1715 3062 lium
