1935 3458
548 121 1262 178 DEDICATIO.
1690 131 1717 191 5

103 220 224 279 vitae
241 215 535 283 hominum,
556 233 636 271 tot
652 210 840 268 cafibus
859 227 987 291 quot
1001 209 1253 265 erroribus
1269 205 1527 275 obnoxiae,
1546 202 1724 284 imago

103 323 241 362 vera.
287 303 420 358 Non
443 297 552 354 sunt
568 296 656 352 ista
676 294 778 350 Dei
792 293 1096 349 immortaiis
1114 310 1271 367 opera
1290 328 1304 353 ‚
1342 309 1452 366 quae
1468 289 1518 342 in
1534 289 1724 366 guber-

102 386 312 441 natione
328 383 474 456 hujus
492 372 828 433 universitatis
844 376 1181 451 omnipotens
1208 373 1312 446 ejus
1329 370 1532 425 dextera
1549 368 1574 422 ὲ
1591 390 1722 425 con-

103 468 209 523 ditu
226 486 390 521 rerum
405 464 465 518 ad
481 461 606 515 hanc
623 460 757 514 diem
773 455 1116 512 indesinenter
1132 454 1279 510 edere
1294 473 1399 508 non
1416 447 1590 509 cess'at?
1613 456 1651 506 A
1665 468 1722 507 ut

105 547 368 630 quisquam
383 541 591 622 negabit
606 578 619 604 ‚
648 541 734 619 qui
751 538 857 594 haec
872 558 1094 607 narrare,
1125 544 1174 593 ὃς
1191 537 1241 592 in
1260 555 1412 591 unum
1427 533 1644 588 collesta
1660 553 1723 586 o·-

108 631 301 687 mnium
320 626 477 681 oculis
493 642 755 700 exponere
773 622 953 676 ordine
965 620 1315 699 aggrediatur3
1343 637 1458 672 eum
1476 615 1719 670 timorem

104 711 343 779 numinis,
362 726 490 764 verae
507 701 894 759 fundamentum
912 701 1202 780 Sapientiae,
1222 697 1593 755 attendentium
1612 696 1720 750 ani„

103 794 198 851 mis
213 792 510 870 ingenerare
530 792 550 847 Ρ
593 790 708 860 Jam
730 784 939 864 praemia
953 784 1207 839 bonorum
1224 825 1239 851 ‚
1262 777 1586 837 scelestorum
1599 798 1726 855 poe-

100 895 178 930 nae
197 918 214 943 ‚
244 894 341 951 qua
367 869 592 929 efficacia
610 868 895 947 legentium
922 867 1121 922 animos
1138 903 1154 928 ‚
1185 882 1237 920 ut
1255 881 1428 919 natura
1445 860 1518 917 est
1549 861 1723 915 homi-

99 977 220 1013 num
239 999 255 1025 ‚
278 953 469 1010 soleant
486 971 695 1007 movere
711 996 727 1020 ‚
755 950 961 1030 ignorat
977 969 1153 1004 nemo.
1176 968 1280 1027 quo
1296 963 1511 1022 utroque
1527 961 1721 1022 genere

95 1042 448 1115 exemplorum
464 1077 480 1103 ‚
500 1054 680 1090 omues
704 1032 978 1092 Annalium
998 1032 1195 1111 paginae
1212 1051 1367 1108 quum
1383 1025 1480 1082 {int
1499 1021 1724 1081 refertis-

97 1120 232 1178 snnae
251 1144 267 1189 3
286 1139 390 1175 non
402 1135 599 1174 temere
614 1115 767 1195 usque
780 1134 845 1170 eo
860 1113 1146 1170 vaecordem
1164 1113 1384 1191 reperire
1401 1108 1476 1172 sit,
1494 1107 1721 1188 quidum

96 1223 155 1260 ea
168 1203 313 1282 legit,
331 1201 508 1257 oculos
526 1200 722 1255 coelum
742 1194 904 1253 versus
922 1216 1027 1250 non
1044 1196 1302 1252 interdum
1318 1193 1536 1256 attollat,
1554 1209 1611 1244 ac
1629 1208 1720 1244 ve-

93 1286 152 1344 lit
179 1284 310 1341 nolit
336 1284 621 1349 exclamet3
655 1279 743 1340 Est
759 1275 1002 1358 profecit>
1036 1282 1090 1336 D
1111 1300 1139 1335 f.
1156 1299 1183 1333 u
1204 1299 1224 1335 s
1242 1321 1259 1347 ‚
1294 1274 1531 1355 quidiffta
1557 1267 1722 1330 faci&-

93 1387 193 1447 que
207 1366 499 1423 mortalium
516 1365 675 1433 videt,
691 1360 926 1418 observat
935 1386 951 1436 3
967 1356 1545 1429 muneratur‚ulciscitur.
1575 1353 1722 1412 Vere

94 1451 247 1530 igitur
263 1448 530 1527 Sapientiae
548 1463 709 1504 mater
726 1443 957 1502 Historia
978 1470 989 1504 :
1035 1463 1152 1501 vere
1166 1440 1384 1498 ministri
1397 1439 1578 1498 divinae
1594 1456 1723 1516 pro-

95 1532 333 1589 videntiae
362 1529 590 1586 historici
619 1556 632 1589 ς
682 1548 894 1606 operum
927 1527 1118 1605 quippe
1144 1523 1418 1602 scriptores
1438 1565 1455 1592 ‚
1497 1539 1720 1600 quorum

99 1618 250 1674 Deus
269 1611 340 1669 est
356 1608 543 1668 factor:
579 1611 880 1685 judiciorum
895 1607 1085 1676 scribae,
1108 1625 1159 1665 ut
1174 1606 1236 1664 fic
1257 1608 1421 1663 dicam
1437 1648 1452 1669 ,
1476 1611 1525 1662 3<
1545 1605 1719 1660 aestua-

98 1697 185 1759 rii,
218 1715 433 1776 quorum
456 1700 602 1752 Deus
633 1693 704 1750 est
731 1693 925 1748 auetor.
973 1691 1258 1748 Enimvero
1272 1687 1583 1767 Sapientiam
1602 1684 1723 1765 qui-

95 1780 216 1836 dem
234 1776 461 1835 Historia
487 1776 694 1831 inchoat
713 1819 729 1844 ,
757 1795 863 1830 non
882 1792 1053 1829 tamen
1072 1769 1310 1851 perficit3
1340 1771 1479 1826 ducit
1496 1769 1633 1824 enim
1652 1766 1719 1824 ad

97 1865 294 1924 Deum,
316 1858 397 1914 sed
415 1879 516 1913 non
535 1859 795 1936 perducit:
825 1877 934 1935 quae
951 1855 1183 1938 quidem,
1216 1851 1442 1909 coelestis
1458 1852 1644 1907 mentis
1658 1854 1718 1905 &

97 1945 308 2002 Naturae
324 1961 480 2023 opera
493 1962 595 1996 non
613 1960 674 1996 ex
690 1938 912 2018 proseffo
932 1942 1157 2006 rimatur,
1177 1956 1345 2014 neque
1360 1934 1580 2012 explicat
1597 1956 1612 2002 3
1630 1931 1716 1989 sed

94 2042 292 2082 tantum
309 2063 324 2090 ,
348 2024 434 2080 ubi
448 2023 497 2079 in
512 2024 594 2080 illa
608 2023 790 2080 incidit
805 2067 821 2092 ‚
852 2023 1034 2101 cupide
1049 2039 1104 2075 ac
1120 2016 1220 2075 fide
1238 2017 1428 2074 sincera
1445 2013 1641 2095 profert
1657 2016 1716 2071 in

94 2109 321 2164 medium
337 2106 594 2162 &indicat
613 2128 630 2178 3
655 2123 901 2162 contenta
919 2106 1056 2161 velut
1074 2122 1239 2159 aream
1256 2121 1312 2157 ac
1329 2098 1492 2156 solum
1513 2094 1715 2154 straviss-

92 2188 141 2246 se
155 2233 171 2259 ,
202 2188 286 2247 cui
300 2185 634 2266 Philosophia
649 2196 701 2247 &
728 2187 858 2244 sacra
873 2186 1172 2265 Theologia
1187 2223 1203 2250 ,
1233 2183 1487 2240 arft0i11ae
1503 2179 1715 2258 quidem

94 2270 187 2328 fibi
201 2272 484 2349 conjuntftae
500 2269 820 2335 vincu10‚sed
837 2269 1043 2326 diversae
1060 2286 1236 2324 tamen
1249 2264 1499 2333 scientiae,
1519 2261 1714 2318 i'uarum

95 2353 333 2434 deinceps
349 2351 840 2431 demonstrationum
857 2349 885 2408 s
881 2351 1248 2434 tibiirufitiories
1263 2365 1369 2404 arte
1382 2345 1642 2402 subtiliore
1655 2353 1714 2404 ἃς

96 2437 209 2491 otio
222 2437 413 2510 majore
425 2437 798 2493 immoliantur.
838 2431 1102 2514 negotiosa
1118 2451 1336 2510 namque
1352 2435 1403 2486 &
1420 2423 1621 2485 astuosa
1633 2446 1716 2482 res

95 2518 168 2575 est
186 2515 409 2575 Historia
422 2566 436 2587 ,
469 2540 683 2600 quaeque
699 2516 1057 2601 disputantium
1087 2514 1388 2571 subtilitates
1403 2532 1508 2568 non
1524 2509 1712 2588 capiat,

94 2622 200 2657 non
219 2616 462 2663 moretur.
509 2612 582 2663 At
601 2602 883 2659 Prudentiae
899 2605 951 2656 δέ
969 2599 1131 2657 civilis
1151 2596 1397 2653 doe-trinae
1418 2632 1434 2658 ‚
1455 2593 1637 2650 eadem
1655 2599 1714 2650 &

93 2679 421 2740 fundamenta
435 2685 597 2763 ponit,
614 2689 668 2741 &
685 2682 941 2765 fastigium
961 2681 1350 2762 supremamque
1367 2696 1578 2733 manum
1593 2694 1714 2751 pro-2.

96 2786 163 2845 pe
179 2765 280 2821 sola
296 2766 394 2821 illis
409 2766 644 2842 imponit.
697 2769 802 2827 Hic
821 2769 993 2846 utique
1008 2763 1079 2820 est
1098 2782 1329 2839 campus,
1342 2761 1393 2817 in
1410 2779 1514 2836 quo
1531 2755 1716 2817 Histon-

35 2849 38 2853 ’
97 2851 168 2906 ria
181 2847 399 2904 decurrit
417 2873 432 2918 ·,
448 2847 532 2904 hic
550 2848 751 2929 scopus,
768 2852 851 2906 hic
869 2847 982 2906 finis
1003 2848 1063 2904 ad
1077 2864 1232 2924 quem
1248 2842 1296 2900 se
1313 2841 1588 2921 profitetur
1603 2841 1716 2893 coi-

92 2931 288 2992 limam
332 2932 508 3002 Plane,
527 2928 561 2988 si
576 2930 932 2992 definitionem
949 2929 1268 2988 admittimus
1283 2927 1347 2985 ab
1361 2922 1580 3002 antiquis
1597 2920 1715 3000 phi?

948 3035 975 3071 a
1020 3033 1045 3091 3
1486 3001 1713 3085 Iosophis
