1935 3458
236 124 368 186 410
581 103 949 182 JA-cosst
1019 102 1533 161 Gaeonovrr

240 203 287 255 νη)
309 205 477 262 0:575&
507 199 750 264 Quadi-lgm
772 199 816 249 ‘n‘
841 198 950 259 »φιπὲ
980 197 1041 245 ’ἢν
1063 202 1226 248 Φωλεόν
1248 196 1478 263 ιωιλέμῖυον
1494 234 1506 255 ‚
1528 200 1673 252 nvmz's·
1695 202 1828 255 ἕκεηζ

312 281 393 324 196
408 303 420 321 ,
452 284 486 318 1.
519 267 650 333 Πωρρὲ
668 274 744 320 wi}
761 269 1185 329 Msyxamvzc'wunj
1231 273 1392 330 Neque
1413 268 1535 332 apud
1546 269 1766 327 Clitorios‚
1791 289 1870 319 ne.

241 356 324 403 que
338 337 459 401 apud
473 337 811 401 Megalopolitas.
856 341 921 382 Ita
946 333 1222 399 praecedentis
1241 334 1443 381 editionis
1465 336 1618 383 audior
1631 337 1675 382 in
1689 335 1754 385 his
1767 342 1877 387 arti-

242 407 323 454 bus
335 404 646 453 versatiffimus:
663 402 728 450 sed
744 402 878 468 ipsum
895 402 970 460 fibi
985 419 1136 468 parum
1151 403 1196 448 in
1208 401 1292 448 hoc
1307 401 1470 465 placere
1481 403 1664 450 ostendit
1675 406 1761 464 ejus
1775 423 1796 451 v
1806 423 1878 452 er-
1933 446 1935 452 .

241 475 302 522 fio
316 480 356 521 &
371 473 657 537 compumstus
676 471 810 519 obelis
835 471 959 518 liber.
997 473 1092 519 Viri
1106 485 1251 518 tamen
1267 469 1450 539 insignes
1463 506 1475 527 ‚
1493 471 1544 518 ad
1564 488 1671 536 quos
1685 471 1729 517 id
1744 475 1879 537 perti-

241 556 332 593 net,
345 537 576 588 defendunt
591 537 827 587 versionem
838 575 850 595 ,
871 545 912 587 ὅ(
928 533 1111 586 debuisse
1122 556 1201 604 pro
1214 544 1294 587 πῖς
1307 537 1486 602 suppleri
1503 537 1763 597 Κλιπαφίοις
1783 541 1878 587 cui-

243 610 310 657 vis
325 610 483 674 liquere
504 623 552 656 ex
573 607 839 673 sequentibus
856 643 867 663 ,
895 623 971 654 nec
986 608 1015 653 fi
1033 608 1262 668 Lionensbs
1278 601 1302 651 εὶ
1316 609 1496 654 Perotto
1515 620 1793 654 commentos
1810 624 1878 653 re-

241 678 378 743 perire
388 678 606 741 pominus,
622 676 823 729 sufficere,
835 692 937 722 cum
950 675 1164 721 Clitorios
1176 674 1298 740 plane
1314 676 1512 721 nominet
1532 671 1643 721 infra
1659 673 1880 740 Polybius.
1934 712 1935 727 ,

241 750 348 792 Sane
361 746 486 791 nobis
502 744 591 791 haec
614 744 746 791 verfio
768 742 1015 790 allubescere
1030 744 1175 808 nequit
1188 780 1199 798 ,
1217 758 1264 789 ut
1282 759 1358 788 nec
1373 759 1574 808 culquam
1591 739 1751 789 affueto
1766 756 1880 792 vete·
1934 735 1935 742 ἵ

243 811 361 859 ribus
376 848 388 866 ‚
414 813 565 878 quibus
583 830 679 858 mos
693 829 781 858 non
797 811 855 857 est
879 825 969 858 tam
985 806 1125 876 inepte
1147 811 1198 857 de
1211 810 1359 857 iisdem
1377 812 1592 858 contraria
1608 810 1764 856 dicere.
1796 812 1877 856 So-

242 881 333 927 lent
350 881 414 926 illi
428 881 478 927 de
490 880 677 944 pluribus
693 880 807 925 idern
827 880 1061 932 narraturi,
1082 878 1111 924 fi
1128 879 1286 926 interea
1300 879 1373 926 uni
1386 896 1539 926 eorum
1555 876 1714 944 aliquid
1729 876 1877 944 fingu-

238 948 328 995 lare
338 949 572 1013 contigerit
585 983 597 999 ,
612 964 710 994 eum
727 948 893 993 silentio
907 947 1080 993 tranfire
1093 980 1104 998 ,
1122 952 1164 993 ὅ(
1181 947 1322 993 relatis
1337 945 1516 994 demum
1529 945 1734 993 omnibus
1748 945 1879 991 istum

245 1014 388 1063 casum
421 1015 595 1071 referre,
617 1015 730 1081 quali
758 1029 873 1062 certa
897 1014 1080 1079 quadarn
1110 1013 1394 1060 conne6³tendi
1417 1016 1583 1060 ratione
1607 1019 1648 1060 &
1674 1012 1881 1078 particula

245 1098 411 1130 utentes
428 1085 570 1130 Latini
587 1102 707 1138 nam,
723 1084 864 1129 Graeci
882 1079 976 1148 μές-
998 1080 1184 1129 Ovidius
1199 1086 1323 1128 VIII.
1337 1081 1631 1140 Metam.530.
1645 1081 1694 1126 de
1708 1079 1884 1145 planftu

243 1148 269 1197 ὲ
284 1151 558 1215 Calydonilin
585 1151 702 1198 edito
725 1151 782 1197 ob
802 1150 1071 1218 Meleagrum
1095 1154 1136 1195 &
1166 1150 1298 1214 patris
1325 1163 1504 1194 maerore
1529 1149 1721 1213 quuitur
1740 1164 1759 1208 3
1779 1162 1882 1193 cum

246 1236 337 1265 non
353 1221 497 1267 minus
509 1218 677 1267 deberet
692 1235 738 1265 ac
753 1220 880 1265 vellet
897 1221 1027 1265 etiam
1044 1217 1095 1263 de
1110 1232 1252 1263 matre
1266 1213 1419 1262 referre
1433 1251 1446 1273 ,
1474 1214 1526 1261 de
1538 1232 1586 1262 ea
1599 1216 1734 1261 tacuit
1752 1248 1762 1264 ,
1785 1214 1884 1277 quia

246 1303 402 1352 nempe
417 1304 568 1352 praeter
591 1301 767 1334 caeteros
783 1287 846 1333 illi
861 1284 1019 1352 aliquid
1043 1285 1251 1353 lingulare
1273 1283 1500 1330 acciderat.
1542 1286 1687 1348 Qare
1702 1280 1886 1330 narratis

245 1355 452 1403 omnibus
466 1355 607 1403 addit:

405 1432 534 1472 Nam
549 1425 597 1470 de
614 1435 758 1469 matre
772 1438 931 1468 mamm
946 1419 1127 1481 dirisibi
1141 1418 1433 1484 confi-iafm'ii

408 1495 561 1553 Exegit
571 1504 719 1553 poenus
733 1493 824 1534 abio
838 1502 911 1551 per
924 1491 1097 1547 viscera
1107 1488 1242 1550 ferro.

249 1557 402 1605 Simile
415 1559 604 1605 invenies
620 1556 728 1620 apud
750 1556 930 1603 eundem
948 1573 1026 1605 xv,
1040 1575 1064 1607 4
1077 1562 1151 1611 87.
1163 1553 1213 1598 de
1225 1557 1384 1602 Numae
1400 1568 1557 1602 morte.
1593 1552 1743 1602 Revise
1760 1557 1800 1599 &
1816 1568 1892 1616 pa-

249 1641 361 1672 trem
374 1625 423 1672 ad
441 1627 611 1675 Livium
628 1643 683 1677 29
699 1659 710 1678 ,
735 1631 777 1670 8.
811 1624 886 1670 Sed
900 1630 941 1670 &
964 1623 1166 1686 Polybius
1183 1637 1211 1665 x
1228 1652 1242 1675 ‚
1266 1641 1310 1680 4.
1350 1623 1595 1687 Scipionem
1610 1622 1670 1668 ait
1687 1615 1892 1667 curavisse

249 1693 383 1740 solam
401 1708 587 1740 matrem
604 1728 615 1745 ‚
642 1708 745 1738 cum
767 1706 913 1738 tamen
927 1690 1066 1755 &ipse
1079 1691 1172 1754 pius
1190 1687 1288 1737 effer
1307 1696 1347 1737 ὃς
1363 1706 1528 1755 patrem
1545 1687 1717 1735 haberet
1728 1688 1894 1735 vivum:

254 1762 389 1830 igitur
407 1761 522 1807 addit
539 1795 553 1817 ‚
578 1759 671 1818 ’ῗηῗῖ
692 1758 747 1820 73
761 1760 931 1822 mvi&
954 1759 1044 1806 π’·τε
1059 1763 1181 1807 τελεῖν
1201 1758 1437 1807 πωὲξοωνεν
1453 1764 1491 1807 ἐς
1505 1752 1701 1813 Ῑςηείοω-
1750 1754 1894 1822 Igitur

251 1847 340 1876 non
354 1826 520 1876 eosdem
547 1829 613 1875 bis
636 1827 865 1873 nominant
880 1862 890 1880 ,
917 1824 984 1873 sed
1000 1826 1138 1889 postea
1158 1825 1334 1872 demum
1348 1825 1396 1871 de
1411 1825 1494 1872 illis
1517 1823 1722 1883 adjiciunt
1741 1856 1752 1876 ‚
1776 1819 1892 1885 quod

251 1911 400 1943 natura
423 1897 563 1943 docet.
613 1900 677 1941 Ita
703 1893 784 1940 hoc
809 1894 910 1940 loco
933 1894 1085 1940 au6³t0r
1113 1890 1294 1940 referens
1319 1894 1363 1938 in
1381 1890 1653 1957 Megalopoli
1673 1889 1890 1934 saeviffime

247 1957 500 2012 consuluisse
515 1964 799 2011 Cleomenem
820 1996 830 2015 ,
854 1960 959 2007 dicit
979 1960 1037 2007 ob
1062 1978 1157 2007 eam
1175 1963 1437 2024 potissimum
1457 1960 1499 2006 id
1527 1956 1690 2005 saecum
1710 1955 1895 2013 causam,

247 2032 346 2098 quia
374 2049 449 2078 nec
468 2029 887 2092 Megalopolitarum
909 2044 986 2074 nec
1004 2027 1375 2092 Stymphaliorum
1403 2043 1645 2094 quenquam
1666 2024 1894 2091 largitioni

248 2116 320 2146 aut
336 2093 572 2164 proditioni
586 2110 802 2161 patentem
831 2097 1023 2142 invenire
1035 2097 1177 2160 potuit
1198 2113 1207 2140 :
1234 2113 1311 2141 nec
1329 2095 1552 2142 dissimiles
1568 2090 1681 2138 fuere
1698 2091 1896 2143 Clitorii‚

249 2167 316 2214 sed
329 2185 381 2213 ne
396 2167 471 2213 hos
484 2165 605 2212 fimul
617 2164 761 2210 eadem
778 2163 918 2229 gloria
929 2163 1096 2229 digner,
1111 2164 1266 2227 inquit,
1278 2160 1382 2209 facit
1400 2163 1527 2209 scelus
1543 2159 1649 2205 illud
1663 2158 1889 2206 Thearcis.

249 2237 362 2284 Haec
378 2235 611 2280 verfionem
630 2230 724 2278 satis
748 2230 968 2277 iubruunt.
1009 2232 1061 2275 Et
1079 2231 1306 2277 Lionenses
1323 2230 1494 2294 quidem
1511 2227 1617 2274 nulli
1633 2226 1749 2281 sunt,
1780 2240 1897 2272 certe

250 2301 457 2349 hfflenoe
473 2300 642 2353 issnoti3
666 2298 730 2344 sed
750 2316 851 2345 cum
867 2297 1076 2345 editiones
1093 2297 1288 2353 habeant,
1308 2299 1464 2347 Λιοηιῖς
1478 2334 1490 2354 ‚
1522 2293 1707 2343 Urfinus
1723 2298 1894 2348 Λιονοῖς,

247 2369 463 2416 videnum
479 2358 627 2416 ductor
652 2365 857 2430 scripserit
877 2371 1085 2413 Acomb‘m.
1125 2369 1256 2412 Certe
1278 2365 1328 2411 ad
1349 2365 1571 2410 literarum
1586 2362 1722 2425 apices
1737 2361 1889 2426 proxi-

247 2455 320 2484 me
335 2436 525 2484 accedit}
547 2433 780 2499 Stephanus·
836 2442 969 2484 Διόπη
986 2430 1111 2482 πέλις
1132 2430 1367 2497 Agffimcll'm,
1388 2436 1442 2481 ῶς
1462 2429 1695 2489 Φερεκόὲης.
1733 2426 1776 2476 π)
1796 2434 1894 2475 ἐθνι-

247 2503 317 2561 213⁸
338 2505 546 2553 Διοπσῦς.
589 2504 754 2550 Literas
770 2509 807 2550 Δ
826 2506 867 2548 &
883 2509 921 2546 A
937 2496 1130 2553 confusas
1145 2499 1229 2546 hoc
1245 2497 1379 2546 modo
1395 2498 1488 2546 vide
1504 2499 1549 2544 in
1565 2497 1805 2565 Legatione
1818 2512 1837 2555 3
1850 2511 1896 2539 π..

247 2571 358 2636 apud
372 2571 598 2619 Urfinum.

314 2637 415 2685 Ead.
434 2656 507 2692 29.
551 2631 1078 2698 Υφ’ὖμῶνρξκφομ5ζρόις.]
1114 2634 1184 2680 Sic
1196 2633 1349 2680 ultima
1372 2669 1383 2688 ,
1408 2633 1463 2680 fic
1486 2634 1649 2698 priores
1669 2627 1790 2675 editt.
1821 2641 1888 2674 ta-

248 2723 349 2753 men
366 2705 532 2768 prorsus
546 2706 775 2771 requiritur
794 2704 906 2762 ἧμῶ
921 2736 932 2752 ,
956 2700 1071 2766 quod
1087 2706 1128 2747 δέ
1146 2705 1345 2749 Perottus
1363 2706 1405 2749 ὃς
1424 2700 1699 2748 Casaubonus
1713 2695 1807 2743 sunt
1823 2696 1894 2742 in-'

248 2773 485 2838 terpretati.
525 2778 671 2838 Itaque
684 2772 767 2819 hoc
783 2769 1036 2833 recepimus.

320 2855 407 2896 203
423 2873 433 2889 ‚
454 2857 496 2899 3.
536 2839 607 2887 0⁰11
622 2863 666 2901 γε
679 2843 748 2898 »(ρᾴ
767 2837 1059 2897 wv’ow’rbu']
1098 2835 1362 2883 Particulam
1377 2838 1445 2895 &J
1466 2835 1561 2882 satis
1575 2833 1768 2881 hocloco
1782 2833 1894 2893 ἐνεξ-

250 2905 340 2964 γῦῥδ
358 2944 370 2960 ,
391 2905 443 2953 ab
457 2906 811 2973 Haganoenfibus
838 2902 1043 2951 servatam
1063 2939 1073 2957 ,
1102 2899 1127 2948 εὶ
1146 2903 1440 2951 Balileenfibus
1471 2910 1512 2950 &
1531 2902 1592 2951 πῖ
1605 2901 1716 2950 mc'vv
1744 2899 1892 2963 neglc-

253 2974 371 3025 e‘tam
384 3009 396 3031 ,
412 2973 576 3024 securus
588 2972 760 3035 inserui,
778 2969 1014 3039 praesertim
1027 2970 1252 3020 accedente
1266 2972 1414 3021 codice
1423 2970 1690 3021 Peiresciano
1701 3003 1713 3022 ‚
1730 2982 1773 3014 ut
1789 2979 1890 3035 mq-

1794 3041 1890 3078 nult
