1935 3458
239 125 311 168 22
687 115 1423 172 DEDICAT10.

235 204 459 263 historiae
477 249 493 275 ‚
525 207 663 286 quod
687 209 772 266 ubi
789 213 1010 288 primum
1037 211 1297 268 literatura
1312 212 1498 269 melior
1519 232 1580 270 ex
1604 214 1721 294 ipfis
1739 218 1873 276 Orci

235 284 464 345 faucibus
482 289 762 369 incipiebat
777 295 906 372 eripi
923 319 940 364 3
969 296 1203 351 omnium
1223 296 1385 374 prima
1403 316 1549 353 novae
1568 299 1689 355 lucis
1707 299 1870 356 bene-

235 366 413 428 ficium
427 391 638 451 experta
652 421 666 440 ,
685 394 894 434 caeteras
909 378 1145 434 honestas
1164 378 1450 457 disciplinas
1473 379 1532 435 ad
1550 378 1688 458 spem
1704 379 1871 438 salutis

232 453 410 511 erexit.
457 454 796 537 Magnificum
829 468 881 519 δε
909 459 1189 541 gloriosum
1207 462 1462 540 Polybio,
1494 465 1636 540 quod
1661 465 1795 519 inter
1811 486 1874 519 0-

231 554 384 593 mnes
409 535 481 595 sui
494 542 695 619 generis
726 544 1030 623 scriptores,
1061 545 1255 622 primus
1275 545 1650 625 indulgentiam
1670 547 1874 605 Princi-

230 617 312 694 pis
328 619 390 676 ad
412 620 770 682 liberationem
801 626 1056 684 Musarum
1085 624 1186 682 sese
1202 629 1515 707 accingentis
1536 669 1551 695 ‚
1571 629 1874 706 promeruit.

230 701 331 758 Sed
347 703 590 763 nimirum
605 728 773 765 rerum
791 730 1085 790 magnarum
1102 710 1229 766 tardi
1246 708 1359 766 sunt
1373 710 1679 791 progreffu33
1699 731 1872 790 rar0q;

232 797 339 840 tam
363 786 499 843 bene
524 808 640 846 cum
669 790 895 848 humano
920 815 1109 874 genere
1131 794 1294 872 agitur
1316 830 1331 854 ‚
1361 811 1416 848 ut
1430 794 1634 872 incepta
1646 815 1870 873 genero-

227 864 279 921 sa
304 867 369 924 ab
395 870 455 927 iis
483 873 571 951 qui
598 872 926 955 susceperunt
959 875 1214 933 inoffenso
1248 876 1380 954 pede
1410 875 1579 931 statim
1615 877 1676 931 ad
1703 874 1865 933 finem

227 952 590 1028 perducantur.
658 962 834 1041 Qre
860 960 1013 1014 etiam
1045 959 1277 1016 Nicolao
1303 1001 1319 1026 ‚
1350 957 1553 1035 Polybii
1587 957 1870 1015 restitutio-

228 1052 351 1090 nem
375 1036 643 1106 molienti,
673 1045 831 1098 multa
869 1039 979 1099 sunt
1009 1043 1176 1100 oblata
1201 1039 1607 1119 impedimenta,
1639 1062 1745 1120 quo
1767 1042 1867 1096 mi-

225 1136 319 1174 nus
341 1121 481 1198 quod
495 1123 709 1201 optabat
733 1120 895 1202 poffet
912 1124 1175 1204 perficere.
1224 1128 1372 1182 Nam
1399 1145 1554 1201 quum
1569 1124 1742 1201 operis
1762 1130 1840 1182 Po
1855 1161 1868 1169 -

222 1198 449 1277 lybiani,
478 1206 617 1282 quod
642 1209 811 1264 nostra
837 1207 1047 1265 exhibet
1076 1207 1267 1270 editiO,
1297 1224 1400 1262 tres
1429 1205 1523 1261 siut
1541 1207 1740 1263 ratione
1754 1226 1867 1264 cer-

221 1298 273 1338 ta
303 1282 552 1343 distinctae
583 1306 783 1367 partes;
810 1311 962 1348 unam
991 1291 1251 1347 dumtaxat
1280 1291 1455 1345 harum
1486 1285 1733 1347 Pontifex
1765 1290 1868 1345 Ni-

221 1368 397 1425 colaus
428 1368 633 1442 habuit;
659 1372 778 1429 duas
805 1375 1048 1453 reliqua3‚
1080 1375 1133 1428 in
1151 1394 1318 1429 rerum
1334 1390 1507 1428 natura
1525 1370 1651 1439 effe,
1679 1392 1742 1428 ne
1770 1371 1867 1429 sci-

220 1449 299 1506 vit
325 1451 555 1531 quidem.
628 1458 744 1529 Jam
772 1457 858 1512 ille
889 1457 1114 1513 eruditus
1142 1458 1296 1512 Italus
1327 1493 1343 1518 ‚
1390 1477 1495 1535 quo
1521 1454 1626 1532 ipse
1651 1452 1762 1510 usus
1788 1454 1861 1511 est

216 1531 502 1613 interprete
529 1583 542 1602 ‚
581 1539 769 1616 partim
811 1537 973 1598 saeculi
1002 1540 1129 1597 vitio
1157 1576 1172 1601 ,
1219 1539 1404 1616 partim
1449 1537 1654 1616 propria
1681 1539 1865 1618 culpa,

164 1615 168 1618 ⁴
217 1618 543 1692 provinciam
572 1619 664 1675 sxbi
689 1621 1049 1677 demandatam
1080 1664 1094 1685 ‚
1123 1622 1193 1675 ita
1220 1619 1371 1700 geffit
1405 1622 1538 1676 male
1571 1645 1586 1688 ;
1630 1615 1780 1676 facile
1807 1636 1866 1674 ut

215 1716 498 1777 appareat,
543 1722 648 1757 non
684 1704 754 1758 ob
783 1703 1084 1783 {iugularem
1117 1704 1335 1781 aliquam
1363 1701 1709 1761 eruditionem
1748 1744 1762 1770 ‚
1808 1703 1863 1756 in

215 1782 421 1838 Graecis
463 1783 742 1860 praesertim
784 1786 942 1842 literis
984 1831 999 1858 ,
1041 1786 1314 1862 Polybium
1355 1784 1679 1863 interpretari
1721 1780 1860 1841 fuisse

210 1861 430 1936 juffum3
459 1864 542 1921 sed
569 1867 684 1945 quia
712 1888 871 1925 nemo
899 1887 1006 1925 erat
1038 1869 1125 1947 qui
1144 1869 1361 1945 amplius
1392 1865 1567 1930 sciret,
1600 1867 1738 1922 velut
1767 1887 1859 1922 co-

212 1945 393 2002 clitem
426 1947 562 2004 iuter
589 1969 752 2006 caecos
784 1968 1020 2029 captum,
1039 1951 1199 2029 quiin
1233 1971 1439 2006 vacuam
1469 1951 1740 2006 stationem
1765 1970 1859 2027 pro

212 2045 455 2108 tempore
480 2029 876 2089 substitueretur.
942 2038 1013 2092 Et
1040 2035 1080 2089 is
1111 2051 1218 2088 erat
1248 2051 1421 2088 tamen
1450 2031 1695 2110 Polybius
1722 2074 1738 2101 ‚
1771 2033 1860 2111 qui

210 2128 426 2191 propter
449 2133 610 2192 genus
640 2115 880 2172 dictionis
918 2137 977 2171 ac
1003 2116 1249 2172 doctrinae
1283 2117 1661 2196 hautquaquam
1700 2111 1860 2170 trans-

207 2194 431 2264 latitiae3
473 2195 696 2252 maxime
734 2214 904 2252 autem
943 2216 1156 2278 propter
1196 2197 1444 2254 summam
1488 2199 1558 2253 rei
1595 2194 1855 2252 castrensis

208 2277 447 2357 peritiam
481 2320 498 2346 ‚
537 2287 590 2337 &
620 2280 1005 2356 imperatorium
1041 2283 1299 2359 quendam
1329 2280 1495 2337 stilum
1532 2304 1548 2348 3
1594 2294 1850 2335 attentum

207 2381 328 2416 cum
368 2360 547 2438 primis
574 2399 591 2424 ,
641 2367 690 2418 &
736 2361 1014 2440 dil'cipliuae
1053 2364 1286 2421 Tacticae
1316 2402 1332 2426 ,
1372 2361 1631 2442 totiusque
1661 2361 1856 2417 militiae

206 2444 495 2510 Romanae,
529 2445 729 2502 Graecae
753 2491 764 2508 ‚
793 2445 1171 2513 Macedonicae,
1191 2447 1507 2525 aliorumque
1538 2445 1852 2525 populorum

205 2526 433 2604 peritum
475 2526 809 2607 interpretem
850 2526 1169 2586 desideraret.
1241 2533 1478 2610 Qarum
1505 2526 1739 2584 omnium
1770 2547 1852 2584 re-

204 2628 320 2664 rum
350 2608 583 2687 cognitio
611 2656 626 2679 ,
657 2607 812 2689 quam
842 2612 1005 2666 tenuis
1036 2630 1092 2665 ac
1124 2631 1255 2688 pene
1282 2613 1416 2668 nulla
1441 2612 1494 2667 in
1526 2610 1688 2668 aetatis
1715 2610 1850 2667 illius

203 2689 506 2746 hominibus
547 2686 696 2748 fuerit
728 2710 759 2764 3⁴
793 2694 995 2770 quantis
1029 2694 1440 2751 doetiffimorum
1476 2693 1746 2753 hominum
1773 2694 1848 2749 la-

204 2772 412 2834 boribus
450 2772 477 2829 ὲ
507 2773 762 2849 profundo
795 2776 1098 2854 ignorantiae
1138 2794 1295 2855 puteo
1333 2775 1488 2833 fuerit
1521 2777 1696 2857 postea
1723 2776 1847 2832 edu-

206 2856 322 2921 δῖα,
348 2871 505 2934 atque
533 2858 815 2914 etiamnum
844 2858 1111 2923 educatur,
1143 2861 1264 2917 nihil
1295 2861 1466 2918 dicere
1483 2863 1699 2931 attinet3
1733 2879 1843 2915 rem

205 2937 404 2998 nemim
429 2960 538 2997 non
569 2957 764 2999 notam.
820 2946 951 3021 Qo
976 2942 1141 3024 magis
1167 2944 1403 3026 equidem
1419 2941 1560 3002 soleo
1584 2940 1842 3010 demirari,

1684 3025 1842 3087 &tmn
