1935 3458
264 109 393 190 {406
608 110 975 194 JAcoBI
1050 118 1594 178 Gkon'ovn-

265 217 328 262 ad
341 216 455 264 Padi
467 217 611 279 ripam
633 253 642 272 ,
665 233 753 280 quae
769 216 861 273 fhlv's
877 229 1023 262 ortum
1039 218 1204 280 respicit
1220 250 1233 270 ,
1256 219 1383 280 primi
1392 217 1516 280 sedes
1531 216 1783 282 posuerunt.
1824 230 1902 272 In·-

260 281 394 348 digna
417 283 509 330 sane
534 284 644 331 tanti
666 282 804 331 herois
821 284 999 349 ingenio
1028 284 1339 348 interpretatio.
1392 287 1638 334 Restiffime
1653 290 1890 340 Cluverius:

259 352 406 410 prima
421 350 478 404 ὢ·
494 369 580 417 qua
594 355 712 400 circa
730 352 843 400 Padi
859 350 1133 412 exortmsita
1142 353 1254 415 sunt
1270 353 1379 407 loca,
1400 355 1484 401 Lai
1499 360 1580 400 διε.
1619 355 1714 402 Lib.
1737 374 1772 407 1.
1802 365 1894 407 Ita..

259 414 332 465 liae
346 434 435 482 cap.
460 437 529 477 23.
1279 448 1285 453 ·
1855 450 1858 452 Δ

333 499 444 542 147,
477 503 552 542 24.
595 489 784 544 Ανοινες]
818 486 1071 552 Hiquinarn
1085 481 1243 532 fuerint
1257 520 1270 541 a
1290 499 1361 532 aut
1377 503 1458 552 qua
1474 487 1627 534 Gallia:
1651 503 1699 533 ex
1715 492 1891 558 regione

257 550 304 598 in
319 554 490 600 Italiam
504 552 739 619 transgressi
751 556 829 601 {int
845 590 858 607 ‚
885 553 993 619 apud
1010 553 1177 600 nullum
1201 553 1422 600 auctorem
1439 553 1477 600 se
1489 554 1689 619 dispicere
1701 556 1762 601 ait
1779 560 1888 606 Clu-

255 621 414 667 verius.
448 621 596 668 Postea
608 621 722 669 addit
738 623 852 671 circa
865 621 1124 669 Placentiam
1141 621 1350 687 oppidum
1367 639 1414 668 ac
1431 621 1530 669 Padi
1546 622 1760 687 Advaeque
1777 641 1884 672 con-

254 688 432 734 fluentes
455 704 631 757 gentem
659 689 696 736 {e
723 707 809 737 non
838 690 1046 754 reperire,
1069 684 1144 736 nili
1171 691 1277 755 quos
1295 689 1496 754 Polybius
1521 690 1631 736 inter
1649 691 1829 757 Liguras
1844 699 1887 740 ὃς

253 754 391 801 Boios
413 758 731 816 ponitAnanes.
763 761 967 810 Quorum
983 757 1240 805 vocabulum
1254 771 1403 804 utrum
1427 757 1480 803 lic
1498 756 1594 804 satis
1619 759 1807 823 probum
1821 760 1887 812 fit,

253 837 309 867 an
333 840 433 869 vero
455 825 613 872 rectius
637 826 777 889 postea
801 824 1003 871 scribatur
1027 826 1252 885 Avoe'pcaepae
1273 859 1287 880 ‚
1310 839 1383 871 aut
1403 825 1536 872 etiam
1559 827 1782 883 Am‘pmm
1804 828 1888 876 five

251 893 505 945 Ανοιμοινοὶ,
533 894 653 955 plane
669 891 894 939 nihildum
913 891 984 938 fibi
1012 893 1184 958 liquere.
1220 893 1419 940 Tandem
1444 892 1481 939 se
1504 893 1768 941 crediturum
1792 907 1886 956 Αμ-

256 954 404 1016 Galam
416 954 535 1004 fuiffe
549 996 559 1012 ‚
589 956 665 1006 nifi
677 959 857 1006 obstaret
872 960 1035 1008 Livius.
1074 960 1254 1007 Ultimo
1268 962 1464 1008 concedit
1480 962 1524 1007 in
1539 960 1778 1024 Ανιίμκνες.
1816 965 1885 1011 Sic

249 1021 906 1091 isseflustuatlib.1.1ta1iaecap.
925 1046 998 1083 27.
1207 1047 1211 1050 ·

328 1106 435 1147 147,
471 1105 544 1140 26.
588 1099 797 1153 Αιρωνες]
833 1096 1036 1162 Sigonius
1064 1092 1141 1139 hos
1164 1093 1331 1141 eosdem
1349 1109 1468 1159 putat
1485 1123 1500 1147 2
1519 1111 1627 1161 quos
1643 1095 1715 1143 alii
1729 1111 1888 1145 vocant

255 1159 494 1224 Lingonas.
537 1163 668 1225 Qod
686 1164 908 1210 Cluverius
922 1181 1012 1226 cap.
1032 1181 1055 1209 2
1070 1182 1112 1210 2.
1129 1161 1229 1208 libri
1245 1178 1279 1207 1.
1297 1162 1390 1227 Ital.
1403 1162 1506 1208 adeo
1521 1158 1740 1218 affeverat,
1756 1179 1801 1210 ur
1816 1165 1886 1211 de-

248 1225 398 1290 inceps
413 1226 575 1292 semper
589 1223 611 1284 ,'
629 1231 815 1299 allegans
832 1231 1060 1295 Polybium
1078 1266 1090 1286 ,
1126 1231 1228 1275 citet
1246 1230 1466 1288 Aa‘mwves.
1508 1233 1701 1278 Perottus
1717 1239 1887 1292 Eganes

249 1294 455 1343 vertebat,
473 1296 633 1345 Nescio
649 1315 791 1345 autem
810 1298 881 1346 ubi
899 1316 1020 1344 mens
1039 1295 1162 1345 fuerit
1177 1297 1369 1350 Ortelio,
1383 1313 1485 1342 cum
1501 1297 1697 1344 scriberet
1712 1294 1881 1364 Lingo-

246 1363 463 1408 nasLivio
478 1361 558 1411 effe
581 1368 694 1413 inter
707 1367 870 1414 Padum
886 1366 1104 1432 Alpesque.
1148 1363 1280 1430 Qod
1294 1364 1323 1410 s1
1339 1366 1401 1410 ita
1411 1358 1510 1410 esset
1523 1399 1535 1418 ,
1563 1379 1675 1412 certe
1689 1362 1878 1413 doffiffi'-

250 1430 319 1476 mi
335 1431 415 1476 viri
428 1432 470 1477 in
488 1430 596 1480 hanc
618 1435 912 1493 conjeehiram
927 1452 1013 1480 non
1030 1427 1213 1480 ivissent.

322 1512 428 1557 150,
459 1514 525 1553 17.
569 1503 733 1550 Λώκίε
762 1502 802 1554 {i
833 1507 1024 1563 ςῬατ-ηγέ
1047 1501 1376 1550 τελώπῖσωῖἶῶυ
1402 1498 1565 1546 Mdvcou
1591 1498 1880 1556 ἒπιιμτέςησκν

248 1563 463 1627 Κᾶφιον]
518 1575 633 1614 Cum
661 1571 815 1627 occisus
835 1571 992 1632 fmfffiet
1011 1573 1058 1613 L.
1090 1569 1282 1627 Consul,
1310 1571 1358 1612 in
1381 1569 1470 1629 ejm
1497 1568 1635 1614 locum
1651 1569 1884 1627 M'cos.est

234 1631 459 1694 fitffeb't'm.
504 1635 764 1692 Huiusmodi
780 1653 828 1682 ex
844 1637 1027 1682 verfione
1041 1637 1259 1702 Sigonius,
1275 1632 1545 1698 Onuphrius‚
1564 1634 1770 1680 Calvifius
1782 1633 1872 1680 bel-

243 1697 335 1745 lum
358 1702 577 1750 Gallicum
589 1705 825 1762 conjiciunt
844 1705 888 1750 in
905 1721 1065 1751 annum
1080 1704 1131 1749 ab
1147 1722 1191 1750 v.
1209 1722 1252 1749 c.
1268 1713 1371 1759 469,
1387 1719 1473 1766 quo
1488 1705 1538 1749 L.
1563 1701 1765 1748 Caecilius
1780 1702 1881 1747 Me-

240 1766 366 1813 tellus
383 1772 436 1815 C.
455 1771 656 1817 Servilius
672 1775 820 1819 Tucca
838 1771 1024 1818 consules
1041 1769 1208 1818 suerunt
1224 1806 1236 1823 ‚
1255 1778 1295 1818 δε
1311 1769 1492 1817 Caecilio
1504 1769 1644 1815 occiso
1660 1768 1869 1815 sufficiunt

242 1834 317 1878 Μ’
332 1838 516 1883 Curium
535 1842 771 1885 Dentatum
788 1840 961 1885 iterum:
977 1856 1103 1905 quem
1121 1845 1160 1885 ὃς
1177 1853 1323 1905 quater
1338 1835 1553 1884 consulem
1569 1833 1752 1881 faciunt:
1770 1853 1870 1883 cum

237 1898 454 1950 fateantur
483 1906 525 1951 in
548 1905 662 1953 libro
690 1905 937 1971 Cuspiniani
965 1924 1078 1952 anno
1102 1906 1276 1953 demum
1305 1913 1393 1961 478
1424 1904 1557 1966 poni:
1598 1907 1638 1948 D
1654 1905 1684 1948 E
1701 1906 1874 1949 NTA-

241 1970 286 2013 T
305 1972 350 2016 U
367 1975 390 2015 S
421 1977 479 2017 11.
506 1979 546 2019 &
572 1973 757 2037 sequenti
773 2011 786 2030 ,
817 1978 858 2019 D
873 1977 903 2019 E
917 1976 1016 2020 NT
1034 1978 1125 2020 AT
1143 1977 1191 2021 U
1206 1979 1226 2019 S
1263 1977 1345 2018 111.
1407 1971 1540 2034 Atqui
1562 1970 1763 2033 Polybius
1781 1988 1868 2017 non

237 2035 299 2081 ait
313 2039 494 2084 Lucium
513 2041 727 2087 consulem
746 2034 955 2094 cecidiffe,
972 2040 1036 2087 sed
1054 2039 1258 2104 ςροιτηςρν,
1276 2039 1440 2091 hocest,
1456 2051 1704 2100 praetorem,
1720 2054 1872 2102 quem-

237 2102 471 2151 admodum
490 2113 530 2153 ὃ(
545 2110 716 2154 Liviana
746 2110 936 2171 epitome
958 2109 1120 2155 lib.12.
1151 2114 1190 2154 ὃ(
1208 2107 1385 2152 Orofius
1403 2106 1476 2151 lib.
1495 2122 1512 2161 3
1539 2140 1548 2158 ,
1579 2122 1600 2149 2
1614 2122 1652 2150 2..
1680 2122 1778 2165 eum
1792 2125 1877 2152 vo-

234 2186 351 2217 cant:
370 2173 544 2239 satisque
571 2176 794 2221 ostendunt
820 2172 1017 2222 functum
1035 2194 1084 2220 eo
1109 2174 1270 2220 honore
1295 2174 1385 2236 post
1411 2171 1680 2218 consulatum
1703 2173 1870 2240 gestum

236 2255 274 2284 a.
293 2253 402 2293 470·
417 2245 461 2288 P.
483 2243 689 2289 Cornelio
706 2242 928 2289 Dolabella
946 2247 1027 2289 Cn.
1047 2243 1249 2288 Domitio
1265 2234 1383 2288 Coss.
1422 2243 1542 2285 Tum
1558 2240 1696 2305 igitur
1711 2274 1721 2291 ,
1751 2240 1870 2305 quod

233 2305 366 2352 ambo
385 2304 502 2355 Coff.
518 2309 620 2355 alibi
635 2311 832 2374 occupati
847 2305 999 2363 essent,
1026 2307 1216 2356 adversus
1235 2308 1384 2355 Gallos
1406 2307 1626 2372 Arretium
1639 2307 1871 2355 obfidente's

230 2370 451 2436 profecfhis
468 2378 620 2424 cecidit
640 2414 649 2430 ,
675 2384 715 2424 &
733 2380 776 2424 in
793 2393 974 2440 praetura
990 2379 1027 2424 ei
1042 2372 1237 2424 suffectus
1250 2377 1306 2421 est
1324 2376 1520 2420 Manius:
1549 2373 1613 2420 sed
1631 2375 1692 2419 re'i
1706 2373 1869 2422 bellicae

234 2441 472 2509 nihilgeffit
490 2481 501 2499 ,
524 2447 621 2512 quia
638 2463 741 2492 mox
760 2445 923 2491 reliffis
947 2446 1072 2492 rebus
1100 2442 1266 2491 adfuere
1286 2460 1368 2489 con
1378 2441 1492 2488 sules.
1530 2443 1623 2488 Nec
1639 2458 1766 2508 negat
1781 2442 1866 2490 hoc

230 2510 436 2564 Polvbius
451 2549 460 2564 ‚
484 2519 524 2559 ὃς
539 2532 586 2560 ex
605 2511 668 2559 his
685 2513 779 2576 ipsis
794 2512 1130 2576 interpretandus
1148 2512 1203 2558 est
1219 2550 1227 2563 ‚
1255 2525 1300 2556 ut
1313 2510 1359 2555 ad
1379 2507 1585 2555 Orofium
1601 2526 1769 2575 quoque
1784 2529 1869 2557 no-

227 2578 337 2622 tavit
355 2585 393 2625 8<
407 2583 450 2626 in
471 2585 646 2628 Perotto
669 2580 779 2627 hunc
794 2597 984 2626 errorem
998 2579 1261 2644 reprehendit
1273 2577 1538 2624 doetiffimus‘
1552 2578 1618 2624 Fr.
1632 2578 1871 2643 Fabricius.

230 2645 336 2690 Hoc
354 2665 527 2695 mecum
544 2647 887 2695 communicavit
906 2651 1044 2693 Pater.

300 2727 378 2770 152
399 2748 410 2765 ‚
435 2727 508 2762 26.
546 2725 598 2761 E»
616 2715 816 2776 Γαλατίᾳ
843 2711 924 2758 *rba*
944 2712 1229 2773 chsv'vz'vbas]
1285 2715 1423 2759 Gallie
1457 2712 1681 2775 Cishlpinae
1707 2727 1862 2771 agrum

224 2782 457 2827 Picenum.
496 2783 650 2834 CredO,
666 2782 802 2829 voluit
816 2780 994 2827 scribere
1008 2783 1256 2844 Cispadanae
1273 2800 1288 2825 .-
1318 2780 1450 2829 nimis
1463 2779 1580 2827 enirn
1594 2777 1765 2827 absurda
1776 2778 1863 2826 istis

227 2848 494 2912 temporibus
513 2849 600 2896 haec
619 2849 853 2895 ὀίἱὶὶοὲὶίο.

296 2928 401 2967 160,
428 2933 482 2962 11.
519 2917 797 2974 Enniam-ox]
836 2913 1085 2962 Admodum
1110 2910 1387 2981 imperfezstus
1416 2915 1593 2963 Latinus
1623 2925 1858 2964 contextus,

224 2982 325 3056 quia
338 2984 381 3036 in
400 3001 451 3033 co
464 2982 554 3036 haec
572 2982 696 3035 verba
711 2982 909 3059 neglcsta
924 2983 1034 3031 sunt.
1073 2984 1192 3057 Ergo
1205 2980 1320 3035 adde.
1702 3055 1750 3090 61
1788 3057 1834 3102 35

376 3060 379 3065 ’
1672 3060 1689 3095 J
1759 3077 1771 3096 ι
1841 3077 1853 3096 ο
