1935 3458
512 116 1242 175 DEn1cA‘r10.
1631 136 1696 197 ις

66 234 121 272 re
140 210 346 270 militari
362 212 414 269 in
431 207 656 270 concilio
670 210 758 268 suo
776 210 1016 266 traetaret
1032 247 1048 274 ‚
1065 211 1297 268 literatos
1313 213 1467 272 duces
1482 213 1699 274 adhibe-

62 313 174 364 τρες
195 304 245 355 &
264 297 486 353 maxime
499 317 586 352 eos
601 331 617 359 ‚
633 294 776 368 ajunt
790 292 1058 370 scriptores
1077 294 1191 351 vitae
1205 293 1354 372 ipsius
1372 334 1388 361 ,
1406 298 1491 375 qui
1511 298 1699 369 Histo-

61 381 190 437 riam
214 398 394 435 norant
411 404 427 448 3
452 399 606 458 quum
621 375 829 454 quidem
846 374 1055 434 subinde
1069 376 1350 456 requireret
1364 422 1381 448 ‚
1411 381 1532 458 quid
1545 380 1598 437 in
1615 399 1698 440 ta*

60 462 194 521 libus
214 460 419 527 caussis,
441 462 613 538 quales
641 460 694 514 in
710 455 1083 535 disceptatione
1112 456 1467 526 versabantur,
1499 480 1700 522 veteres

58 551 404 622 Imperatores
422 543 500 598 vel
518 540 766 610 Romani,
783 543 865 598 vel
881 557 1164 598 exterarum
1180 542 1694 623 gentium‚feciffent.

34 610 38 616 ⁴
60 627 341 706 Egregium
362 626 512 702 plane
526 623 814 680 institutum
834 667 849 693 ,
869 627 921 680 δέ
940 622 1141 681 merore
1155 641 1309 681 tantae
1325 627 1477 682 molis
1494 626 1701 706 imperii

60 706 428 788 dignissimum.
475 708 606 764 Non
621 722 730 761 erat
745 707 819 762 illi
832 704 944 762 satis
959 742 975 769 ‚
994 705 1138 784 quod
1156 706 1295 788 gesta
1311 724 1544 765 veterum
1559 710 1704 775 didi--

56 807 194 847 cerat
211 822 226 854 ,
242 794 295 844 &
314 788 451 843 domi
467 788 696 867 quotidie
709 788 977 845 leffitabat
995 816 1005 849 :
1026 793 1165 868 quod
1181 791 1315 847 viros
1332 792 1501 849 omnis
1519 793 1694 850 erudi-

56 873 209 927 tionis
243 871 502 949 principes
528 871 581 926 in
609 869 844 928 familiari
869 872 1112 929 conviffitu
1133 871 1320 930 assidue
1343 872 1513 931 secum
1528 875 1691 933 habe-

53 954 171 1010 bat:
191 951 273 1009 sed
291 953 446 1009 etiam
463 952 527 1009 ab
540 954 599 1010 iis
612 954 700 1034 qui
717 953 856 1011 suum
872 954 1248 1034 participabant
1266 957 1691 1024 concilium‚ean·-

51 1037 170 1092 dem
187 1036 422 1113 peritiam
439 1036 613 1117 exegit
629 1061 645 1106 ;
673 1038 829 1094 etiam
847 1039 984 1093 inter
1009 1037 1394 1097 deliberandum
1410 1039 1473 1097 de
1491 1039 1690 1099 summa

52 1116 400 1196 Reptib.fa5ta
415 1119 668 1194 majorum
687 1121 925 1198 praeclara
944 1121 1103 1179 voluit
1118 1121 1292 1178 audire
1308 1129 1362 1181 &
1382 1122 1571 1185 doceri,
1601 1127 1687 1182 En

50 1200 430 1257 adolescentem
446 1199 613 1257 senilis
631 1203 930 1281 prudentiae.
956 1223 1022 1260 en
1035 1203 1224 1260 illustre
1239 1208 1535 1285 exemplum
1551 1206 1689 1263 abil-

50 1283 443 1363 lustriPrincipe
468 1285 662 1342 editum
682 1328 696 1349 ‚
722 1288 966 1343 omnibus
992 1286 1202 1366 quidem
1219 1289 1576 1367 Principibus,
1597 1289 1684 1348 sed

47 1367 271 1425 maxime
287 1366 555 1442 juvenibus
571 1369 643 1425 ob
658 1375 836 1429 oculos
853 1368 1037 1427 affidue
1051 1368 1372 1448 ponendum.
1404 1373 1536 1429 Non
1551 1393 1682 1451 prae-

47 1448 264 1504 termifit
292 1449 423 1505 hanc
454 1468 654 1528 partem
672 1452 876 1512 Basilius
894 1458 1218 1532 Imperator,
1247 1475 1405 1533 quum
1422 1473 1684 1535 praecepta

46 1531 184 1586 bene
197 1532 482 1609 imperandi
499 1535 668 1591 Leoni
691 1533 802 1592 filio
820 1535 1044 1596 traderet
1065 1563 1076 1596 :
1109 1532 1232 1615 quin
1249 1537 1418 1616 potius
1437 1537 1684 1598 Historias

47 1613 327 1669 lectionem
343 1613 547 1671 summo'
565 1616 729 1674 studio
745 1619 1136 1684 commendam,
1150 1620 1303 1677 etiam
1318 1625 1371 1676 δέ
1389 1620 1542 1676 etiam
1558 1640 1680 1680 eum

41 1695 294 1759 hortatur,
312 1717 367 1754 ut
380 1698 596 1754 aliorum
613 1700 789 1756 labore
806 1696 995 1757 fruatur
1007 1699 1112 1778 ipse
1129 1700 1233 1758 fine
1246 1702 1439 1761 labore.
1489 1707 1679 1762 Anna-

44 1779 170 1833 lium
203 1778 342 1833 enim
366 1779 528 1835 libros
544 1818 560 1844 ‚
587 1777 765 1838 fideles
798 1782 888 1839 sibi
911 1780 1021 1839 fore
1045 1781 1354 1842 consiliarios
1377 1810 1393 1855 ;
1425 1806 1556 1864 quos
1572 1808 1680 1846 non

41 1860 216 1916 odium
239 1906 250 1922 ,
268 1881 373 1916 non
389 1863 548 1941 gratia
564 1909 576 1928 ,
597 1885 702 1920 non
720 1881 886 1921 metus
910 1909 926 1934 ,
949 1886 1053 1922 non
1071 1866 1255 1945 privati
1272 1869 1543 1924 commodi
1561 1866 1672 1949 spes

41 1962 125 1999 aut
144 1943 392 2022 cupiditas
408 1964 763 2025 corrumperet
779 1974 794 2021 3
810 1946 1034 2019 eosdem,
1051 1948 1287 2006 vanitatis
1303 1970 1473 2007 rerum
1499 1949 1680 2009 huma-

39 2045 221 2081 narum
257 2025 409 2083 testes
443 2025 541 2084 effe
566 2030 1017 2109 locupletissimos.
1064 2031 1268 2088 Poffum
1301 2032 1503 2115 insuper
1523 2054 1675 2094 com-

43 2128 333 2166 memorare
351 2112 540 2166 multos
562 2117 924 2193 Imperator-ea,
941 2115 1029 2195 qui
1043 2132 1124 2170 aut
1145 2115 1288 2171 libris
1304 2117 1477 2183 editiS,
1496 2135 1581 2175 aut
1595 2139 1676 2175 ra-

44 2191 187 2248 tione
201 2194 295 2248 alia
310 2191 525 2249 studium
542 2194 835 2253 historicum
851 2197 1141 2254 excolendo
1153 2197 1511 2256 nobilitarunt.
1559 2206 1676 2258 Ser-

46 2290 190 2329 vatur
205 2275 257 2330 in
284 2278 681 2355 locupletiffima
705 2280 788 2338 illa
813 2298 919 2350 tua,
936 2283 991 2336 D
1012 2308 1046 2342 0
1071 2303 1108 2338 M
1131 2303 1151 2337 1
1177 2306 1215 2342 N
1235 2303 1288 2350 E,
1307 2290 1360 2343 δέ
1380 2286 1499 2340 vere
1529 2284 1672 2364 regia

41 2356 388 2428 Bibliotheca,
401 2361 732 2418 Constantini
747 2363 965 2445 Augusti
981 2364 1421 2448 Porphyrogeniti
1433 2366 1564 2423 liber
1577 2387 1675 2445 pu-

40 2438 178 2493 blice
199 2441 358 2497 adhuc
381 2443 591 2522 ignotus
610 2494 620 2511 ‚
639 2465 794 2527 quem
821 2449 874 2504 in
903 2445 1240 2506 filiiRomani
1258 2492 1271 2512 ,
1285 2450 1389 2524 jam
1413 2449 1671 2507 consortis

38 2519 278 2597 imperii,
296 2527 509 2602 gratiam
525 2571 544 2597 ,
573 2530 683 2608 pius
711 2551 895 2608 parens
920 2529 1134 2610 scripfit.
1180 2532 1384 2589 Sciebat
1411 2550 1556 2591 vetus
1584 2553 1670 2589 re-

39 2605 231 2682 gnandi
247 2607 517 2688 PrincePS‚
535 2613 596 2669 ad
613 2615 825 2693 negotia
847 2617 1070 2695 gerenda
1083 2616 1134 2671 in
1151 2615 1331 2695 quibus
1349 2616 1576 2695 Reipub.
1592 2613 1676 2672 sa-

39 2688 115 2741 lus
135 2690 456 2755 continetur,
472 2694 592 2751 illud
613 2697 843 2775 adprime
860 2696 1158 2770 desiderari,
1186 2715 1240 2756 ut
1257 2701 1465 2780 ingenia
1494 2699 1675 2756 homi-

42 2788 164 2823 num
191 2770 348 2846 probe
370 2790 494 2830 nota
509 2775 631 2841 sint,
653 2777 951 2858 quibuscum
973 2783 1156 2863 agitur.
1205 2783 1323 2840 Sive
1347 2783 1422 2838 illi
1441 2782 1538 2839 fint
1551 2781 1674 2840 sub-

40 2851 157 2919 diti,
178 2852 279 2909 live
293 2855 444 2911 amici
461 2875 545 2913 aut
571 2861 694 2917 socii
709 2904 726 2930 ,
741 2861 843 2921 sive
858 2864 1027 2922 hostes
1043 2892 1059 2940 3
1076 2865 1175 2923 five
1196 2867 1247 2923 in
1265 2868 1559 2949 propinquo
1575 2865 1673 2923 ha·-

40 2931 231 3008 bitent,
252 2935 353 3001 five
366 2938 652 3003 summotos
670 2945 872 3026 longius
890 2945 1020 3009 fines
1037 2952 1211 3008 colant
1228 2952 1479 3026 ,multum
1496 2947 1673 3039 omni-

50 3059 65 3083 κ
1494 3050 1567 3088 no
1584 3047 1668 3086 M}-
