1935 3458
479 86 1206 142 DssnrcArro.
1602 78 1675 152 '55‘

48 189 209 250 nelius
238 186 460 245 Tacitus
487 225 506 254 ‚
554 207 711 268 quem
737 185 791 241 in
817 183 914 239 hac
952 181 1295 238 contentione
1331 180 1586 260 piaculum
1615 177 1679 235 sit

45 267 285 330 omisiffe.
333 272 441 330 Hic
467 269 641 350 magni
664 265 964 325 &acerrimi
996 262 1310 342 viringenii,
1343 285 1489 320 novae
1517 259 1684 338 cujus-

49 355 198 422 dam,
237 355 403 434 gravis
431 392 447 419 ‚
489 347 702 407 concisae
730 355 783 408 &
810 343 1130 403 sententiosae
1157 346 1467 425 eloquentiae
1494 361 1686 424 genere

48 435 239 498 eximie
259 435 492 516 praeditus
508 457 524 502 ;
554 430 589 488 si
605 432 635 491 ὲ
648 431 872 486 Fortuna
888 451 993 486 non
1006 424 1128 485 effet
1143 427 1426 488 destitutus,
1444 447 1555 503 quae
1572 428 1689 506 dig-

52 541 175 579 nam
191 520 236 574 ei
251 537 389 575 tanta
401 512 636 596 faecultate
651 514 918 572 materiam
934 511 1141 592 negavit
1158 534 1174 584 3
1200 509 1434 590 quemvis
1451 508 1479 566 e
1497 508 1690 587 princi-2

56 602 207 683 pibus
238 601 338 658 sive
358 600 718 656 Romanorum
737 634 754 661 ‚
780 593 883 653 [ive
907 596 1065 651 etiam
1080 595 1388 651 Graecorum
1419 590 1694 648 historico·-

58 705 172 743 rum
199 683 396 740 videtur
429 678 648 760 potuisse
681 698 985 760 provocare.
1060 680 1222 736 Nunc
1249 695 1407 755 quum
1443 671 1696 749 ejusmodi

61 784 296 842 tempora
309 764 509 819 constet
526 763 590 819 ab
605 783 686 832 eo,
711 758 988 841 praesertim
1000 761 1054 817 in
1071 759 1380 822 Annalibus,
1400 754 1497 813 esse
1511 752 1701 813 descri-

62 866 150 930 pta
168 888 186 916 ,
215 845 396 928 quibus
414 847 552 903 nulla
578 866 802 927 unquam
819 840 1020 900 fuerunt
1035 840 1334 921 turpiffimis
1349 840 1486 896 vitiis
1503 837 1701 897 soedio-

54 951 110 988 ra
123 967 140 994 ‚
163 947 330 1008 neque
345 945 427 984 aut
446 929 686 986 virtutum
704 927 950 984 steriliora
966 970 980 995 ‚
1014 943 1096 983 aut
1111 925 1377 982 virtutibus
1392 923 1700 992 inimiciorag,

60 1032 174 1072 cum
191 1009 397 1088 Polybii
416 1009 641 1068 Historia
657 1011 838 1069 Taciti
860 1008 1062 1066 libellos
1079 1011 1210 1066 velle
1236 1026 1535 1085 comparare
1553 1045 1568 1072 ‚
1597 1006 1702 1062 hoc

68 1098 190 1155 verb
207 1090 358 1150 fuerit
387 1114 493 1151 non
507 1094 759 1152 Tacitum
776 1092 1010 1157 laudare,
1040 1089 1126 1148 sed
1152 1089 1444 1169 insignitam
1471 1089 1607 1145 suam
1621 1104 1704 1143 te-

69 1177 360 1236 meritatem
376 1179 640 1258 propalam
657 1179 880 1258 vulgare.
927 1178 1071 1234 Nam
1096 1175 1220 1254 quid
1244 1173 1434 1236 simile,
1467 1172 1590 1252 quid
1606 1170 1706 1228 ulla

70 1280 131 1318 ex
151 1276 294 1339 parte
321 1261 761 1338 comparandum?
796 1279 905 1315 non
932 1258 1035 1332 jam
1051 1255 1323 1335 scriptores
1352 1255 1489 1334 ipsos
1508 1249 1708 1310 interse

65 1343 363 1413 contend03
393 1363 610 1424 quorum
640 1344 769 1401 alter
796 1339 1130 1422 philosophus
1159 1338 1368 1419 insignis
1400 1335 1525 1415 fuit,
1555 1335 1710 1393 rebus

68 1424 225 1508 gestis
246 1425 321 1484 vir
346 1423 672 1484 clariffimus:
700 1427 857 1494 alter,
889 1441 945 1480 ut
962 1426 1230 1481 Romanus
1247 1471 1259 1491 ,
1291 1422 1355 1477 ab
1369 1424 1516 1478 omni
1535 1417 1712 1500 philo-

75 1506 253 1589 sophia
279 1508 470 1564 alienus
493 1548 508 1571 ‚
532 1510 671 1565 nulla
695 1529 747 1565 re
774 1507 980 1587 publice
1010 1528 1233 1588 unquam
1262 1504 1402 1586 gesta
1429 1502 1713 1563 admodum

74 1590 454 1649 memorabilis:
484 1589 568 1647 sed
597 1591 661 1648 de
677 1592 888 1649 materia
904 1590 1175 1647 amborum
1196 1592 1416 1669 loquor·2
1445 1609 1602 1668 quam
1619 1604 1716 1641 ne-

73 1693 168 1732 mo
192 1671 318 1730 sanae
348 1674 535 1730 mentis
552 1673 636 1729 hic
665 1673 920 1754 praecipue
948 1670 1279 1752 speetandam
1307 1671 1590 1750 negaverit.
1635 1672 1718 1725 Ut

74 1756 214 1813 enim
231 1753 499 1814 Thersites
514 1776 670 1835 quem
690 1758 900 1835 Apelles
916 1773 1002 1811 aut
1018 1761 1335 1833 Protogenes
1351 1754 1589 1832 pinxerit,
1607 1769 1718 1809 non

75 1859 140 1895 eo
156 1838 323 1895 minus
340 1837 414 1894 est
432 1839 608 1917 πατρίς,
620 1838 736 1917 qui-a
750 1838 1052 1895 excellentis
1067 1837 1276 1893 artificis
1294 1836 1538 1912 penicillo
1554 1834 1626 1892 est
1642 1833 1721 1913 pi-

76 1923 209 1998 &tu83
224 1922 346 2002 quin
362 1921 530 2001 potius
548 1941 746 1987 contra,
763 1919 830 1978 eo
847 1920 1009 2000 magis
1026 1919 1298 2000 conspicua
1310 1917 1383 1974 est
1398 1918 1532 1974 illius
1547 1914 1725 1974 defor-

81 2007 230 2064 mitas
250 2050 268 2076 ‚
299 2006 406 2084 quo
424 2006 744 2085 praestantior
757 2003 828 2061 ‘est
849 2025 959 2084 quae
977 2002 1174 2061 effinxit
1192 2022 1402 2062 manus:
1442 1999 1506 2058 fic
1520 2001 1722 2079 impro-

85 2088 270 2146 borum
298 2088 502 2146 scelesta
526 2084 750 2145 facinora
779 2107 894 2144 cum
913 2084 1148 2144 adisertis
1176 2086 1292 2142 viris
1311 2083 1420 2142 sunt
1449 2083 1726 2163 descripta,

87 2192 193 2228 non
208 2173 369 2230 minus
386 2173 594 2252 quidem
617 2169 731 2230 sunt
748 2169 1044 2229 detestanda
1061 2214 1078 2241 ,
1110 2167 1194 2226 sed
1213 2169 1416 2225 velutin
1435 2167 1651 2223 editiore
1666 2170 1726 2222 &

86 2252 353 2312 illustriore
366 2257 486 2311 loco
504 2254 662 2335 posita
675 2303 689 2325 ‚
719 2254 882 2335 magis
901 2249 1030 2309 fiunt
1044 2251 1278 2333 insignia.
1328 2250 1473 2332 Qid
1488 2251 1647 2332 igitur
1665 2247 1728 2305 si-

91 2336 250 2394 mile?
287 2340 494 2394 Florem
524 2337 691 2419 ipsum
719 2340 973 2396 Romanae
1003 2336 1200 2395 virtutis
1219 2378 1237 2404 ‚
1263 2339 1317 2392 &
1348 2352 1402 2390 ut
1433 2333 1730 2409 dicebamus

94 2416 255 2499 ipsam
271 2422 423 2497 ἀκμὴν
436 2417 475 2484 ’ἓ
492 2425 646 2499 ἀκμῆς
659 2421 766 2497 ejus
782 2419 1010 2499 Reipub0
1023 2414 1284 2497 descripsit
1298 2416 1448 2474 nobis
1464 2416 1730 2494 Polybiusz

94 2504 328 2582 Regulos
348 2539 364 2566 2
400 2506 667 2585 Scipiones
698 2525 814 2562 cum
843 2504 937 2561 suis
966 2503 1138 2563 Laeliis
1156 2541 1172 2567 ‚
1212 2501 1401 2561 Fabios
1436 2500 1729 2570 Maximos,

99 2585 388 2646 Marcellos
403 2623 418 2649 ‚
446 2589 629 2646 Paulos
645 2589 874 2649 AEmilios
893 2624 911 2652 ‚
941 2586 1244 2650 Flaminios,
1259 2584 1531 2649 MetelloS,
1552 2583 1736 2638 Mum-

101 2669 268 2740 miOS,
299 2676 351 2727 &
382 2667 563 2728 similes
591 2671 670 2728 his
694 2676 963 2736 θεοεικέλᾏς
995 2669 1209 2727 heroas:
1242 2688 1320 2724 res
1338 2665 1481 2722 domi
1508 2665 1736 2722 militiaea

97 2770 198 2830 que
217 2751 382 2831 gestas
396 2796 415 2823 ,
434 2754 668 2810 omnium
683 2775 791 2834 quae
816 2754 916 2810 ulla
942 2772 1164 2832 unquam
1190 2751 1442 2808 memoria
1459 2749 1735 2805 hominum

100 2833 213 2889 sunt
227 2834 399 2916 gestae,
418 2835 696 2893 maximas:
724 2837 1036 2915 provinciae„
1050 2836 1309 2905 natione5‚
1331 2853 1490 2915 regna
1505 2870 1520 2897 ,
1548 2831 1610 2888 ad
1624 2848 1738 2910 quae

99 2916 185 2978 vix
201 2918 403 2999 imperii
421 2920 651 2980 Romani
668 2939 861 2980 nomen
874 2936 1180 3001 pervenerat
1195 2961 1212 2990 ‚
1232 2916 1473 3000 stupenda
1486 2914 1740 2972 brevitate

799 3002 806 3007 ”
962 3002 996 3061 d
1040 3024 1080 3078 Δ)
1530 3013 1738 3078 tempo-
